<?xml version="1.0" encoding="UTF-8"?>
<!DOCTYPE html PUBLIC "-//W3C//DTD XHTML 1.0 Transitional//EN"
    "http://www.w3.org/TR/xhtml1/DTD/xhtml1-transitional.dtd">
<html xmlns="http://www.w3.org/1999/xhtml" xml:lang="en" lang="en">
 <head>
  <title>
</title>
<meta http-equiv="Content-Type" content="text/html;charset=utf-8" />
  <meta name='ocr-system' content='tesseract 3.04.00' />
  <meta name='ocr-capabilities' content='ocr_page ocr_carea ocr_par ocr_line ocrx_word'/>
</head>
<body>
  <div class='ocr_page' id='page_1' title='image "./ccrispisallusti05sallgoog_0034.png"; bbox 0 0 3419 4849; ppageno 0'>
   <div class='ocr_carea' id='block_1_1' title="bbox 543 242 570 282">
    <p class='ocr_par' dir='ltr' id='par_1_1' title="bbox 543 242 570 282">
     <span class='ocr_line' id='line_1_1' title="bbox 543 242 570 282; baseline 0 0"><span class='ocrx_word' id='word_1_1' title='bbox 543 242 570 282; x_wconf 79' lang='lat' dir='ltr'><em>s</em></span> 
     </span>
    </p>
   </div>
   <div class='ocr_carea' id='block_1_2' title="bbox 517 332 2469 440">
    <p class='ocr_par' dir='ltr' id='par_1_2' title="bbox 517 332 2469 440">
     <span class='ocr_line' id='line_1_2' title="bbox 517 332 2469 440; baseline -0.009 0"><span class='ocrx_word' id='word_1_2' title='bbox 517 358 658 440; x_wconf 73' lang='lat' dir='ltr'>xx‘</span> <span class='ocrx_word' id='word_1_3' title='bbox 997 340 1103 425; x_wconf 86' lang='lat' dir='ltr'>C.</span> <span class='ocrx_word' id='word_1_4' title='bbox 1179 333 1661 424; x_wconf 68' lang='lat' dir='ltr'>CRISPr</span> <span class='ocrx_word' id='word_1_5' title='bbox 1713 332 2469 424; x_wconf 85' lang='lat' dir='ltr'>SALLUSTII</span> 
     </span>
    </p>
   </div>
   <div class='ocr_carea' id='block_1_3' title="bbox 526 444 3064 877">
    <p class='ocr_par' dir='ltr' id='par_1_3' title="bbox 526 444 3064 877">
     <span class='ocr_line' id='line_1_3' title="bbox 2203 444 2224 471; baseline 0 0"><span class='ocrx_word' id='word_1_6' title='bbox 2203 444 2224 471; x_wconf 67' lang='grc'>1</span> 
     </span>
     <span class='ocr_line' id='line_1_4' title="bbox 526 484 3064 593; baseline -0.001 -23"><span class='ocrx_word' id='word_1_7' title='bbox 526 522 668 573; x_wconf 83' lang='lat' dir='ltr'>tur.</span> <span class='ocrx_word' id='word_1_8' title='bbox 752 521 866 569; x_wconf 72' lang='grc' dir='ltr'>ιν.</span> <span class='ocrx_word' id='word_1_9' title='bbox 947 490 1221 565; x_wconf 88' lang='lat' dir='ltr'>Bellum</span> <span class='ocrx_word' id='word_1_10' title='bbox 1256 484 1585 593; x_wconf 54' lang='lat' dir='ltr'>scriflserat</span> <span class='ocrx_word' id='word_1_11' title='bbox 1610 488 2089 572; x_wconf 80' lang='lat' dir='ltr'>Sertorianum,</span> <span class='ocrx_word' id='word_1_12' title='bbox 2127 485 2317 583; x_wconf 89' lang='lat' dir='ltr'>quod</span> <span class='ocrx_word' id='word_1_13' title='bbox 2358 509 2666 591; x_wconf 85' lang='lat' dir='ltr'>coeperat</span> <span class='ocrx_word' id='word_1_14' title='bbox 2700 489 2819 566; x_wconf 84' lang='lat' dir='ltr'>sub</span> <span class='ocrx_word' id='word_1_15' title='bbox 2853 486 3064 567; x_wconf 72' lang='lat' dir='ltr'>finem</span> 
     </span>
     <span class='ocr_line' id='line_1_5' title="bbox 528 584 3062 685; baseline -0.001 -20"><span class='ocrx_word' id='word_1_16' title='bbox 528 600 714 668; x_wconf 78' lang='lat' dir='ltr'>vitae</span> <span class='ocrx_word' id='word_1_17' title='bbox 741 593 954 667; x_wconf 84' lang='lat' dir='ltr'>Sullae</span> <span class='ocrx_word' id='word_1_18' title='bbox 978 637 1000 674; x_wconf 99' lang='lat'>,</span> <span class='ocrx_word' id='word_1_19' title='bbox 1051 586 1497 685; x_wconf 82' lang='lat' dir='ltr'>proximeque</span> <span class='ocrx_word' id='word_1_20' title='bbox 1537 584 1909 658; x_wconf 86' lang='lat' dir='ltr'>duodecim</span> <span class='ocrx_word' id='word_1_21' title='bbox 1949 609 2153 657; x_wconf 87' lang='lat' dir='ltr'>annos</span> <span class='ocrx_word' id='word_1_22' title='bbox 2189 611 2590 662; x_wconf 85' lang='lat' dir='ltr'>memoratos</span> <span class='ocrx_word' id='word_1_23' title='bbox 2611 594 2805 663; x_wconf 89' lang='lat' dir='ltr'>conse</span> <span class='ocrx_word' id='word_1_24' title='bbox 2857 592 3062 669; x_wconf 86' lang='lat' dir='ltr'>ueba-</span> 
     </span>
     <span class='ocr_line' id='line_1_6' title="bbox 534 683 3060 779; baseline -0.002 -16"><span class='ocrx_word' id='word_1_25' title='bbox 534 715 690 778; x_wconf 69' lang='grc' dir='ltr'>πυτς</span> <span class='ocrx_word' id='word_1_26' title='bbox 752 690 1077 762; x_wconf 76' lang='lat' dir='ltr'>Metellus</span> <span class='ocrx_word' id='word_1_27' title='bbox 1107 685 1291 757; x_wconf 88' lang='lat' dir='ltr'>enim</span> <span class='ocrx_word' id='word_1_28' title='bbox 1322 685 1389 754; x_wconf 88' lang='lat' dir='ltr'>in</span> <span class='ocrx_word' id='word_1_29' title='bbox 1419 683 1811 779; x_wconf 77' lang='lat' dir='ltr'>Hispaniam</span> <span class='ocrx_word' id='word_1_30' title='bbox 1845 703 2074 755; x_wconf 88' lang='lat' dir='ltr'>contra</span> <span class='ocrx_word' id='word_1_31' title='bbox 2106 687 2472 759; x_wconf 83' lang='lat' dir='ltr'>Sertorium</span> <span class='ocrx_word' id='word_1_32' title='bbox 2507 686 2735 762; x_wconf 80' lang='lat' dir='ltr'>miffus</span> <span class='ocrx_word' id='word_1_33' title='bbox 2770 711 2806 759; x_wconf 85' lang='lat' dir='ltr'>e</span> <span class='ocrx_word' id='word_1_34' title='bbox 2887 710 3060 759; x_wconf 87' lang='lat' dir='ltr'>anno</span> 
     </span>
     <span class='ocr_line' id='line_1_7' title="bbox 539 779 3061 877; baseline -0.003 -14"><span class='ocrx_word' id='word_1_35' title='bbox 539 793 641 864; x_wconf 90' lang='lat' dir='ltr'>U.</span> <span class='ocrx_word' id='word_1_36' title='bbox 668 795 759 861; x_wconf 90' lang='lat' dir='ltr'>C.</span> <span class='ocrx_word' id='word_1_37' title='bbox 793 807 1157 859; x_wconf 75' lang='lat' dir='ltr'>nmxxrv.</span> <span class='ocrx_word' id='word_1_38' title='bbox 1203 782 1325 877; x_wconf 90' lang='lat' dir='ltr'>qui</span> <span class='ocrx_word' id='word_1_39' title='bbox 1366 779 1733 852; x_wconf 87' lang='lat' dir='ltr'>duodecim</span> <span class='ocrx_word' id='word_1_40' title='bbox 1774 781 2049 851; x_wconf 89' lang='lat' dir='ltr'>illorum</span> <span class='ocrx_word' id='word_1_41' title='bbox 2095 805 2412 856; x_wconf 88' lang='lat' dir='ltr'>annorum</span> <span class='ocrx_word' id='word_1_42' title='bbox 2454 787 2734 857; x_wconf 89' lang='lat' dir='ltr'>ultimus</span> <span class='ocrx_word' id='word_1_43' title='bbox 2770 784 2933 858; x_wconf 86' lang='lat' dir='ltr'>suit.</span> <span class='ocrx_word' id='word_1_44' title='bbox 2988 786 3061 858; x_wconf 88' lang='lat' dir='ltr'>Si</span> 
     </span>
    </p>
   </div>
   <div class='ocr_carea' id='block_1_4' title="bbox 531 879 3184 989">
    <p class='ocr_par' dir='ltr' id='par_1_4' title="bbox 531 879 3184 989">
     <span class='ocr_line' id='line_1_8' title="bbox 531 879 3184 989; baseline -0.003 -30"><span class='ocrx_word' id='word_1_45' title='bbox 531 912 603 959; x_wconf 84' lang='lat' dir='ltr'>ea</span> <span class='ocrx_word' id='word_1_46' title='bbox 633 883 929 963; x_wconf 83' lang='lat' dir='ltr'>Historia</span> <span class='ocrx_word' id='word_1_47' title='bbox 950 881 1027 959; x_wconf 82' lang='lat' dir='ltr'>ad</span> <span class='ocrx_word' id='word_1_48' title='bbox 1052 899 1341 989; x_wconf 74' lang='lat' dir='ltr'>receptas</span> <span class='ocrx_word' id='word_1_49' title='bbox 1372 881 1577 973; x_wconf 89' lang='lat' dir='ltr'>usque</span> <span class='ocrx_word' id='word_1_50' title='bbox 1602 879 1958 974; x_wconf 77' lang='lat' dir='ltr'>Hispanias</span> <span class='ocrx_word' id='word_1_51' title='bbox 1993 898 2294 975; x_wconf 77' lang='lat' dir='ltr'>perter</span> <span class='ocrx_word' id='word_1_52' title='bbox 2331 880 2424 951; x_wconf 88' lang='lat' dir='ltr'>est</span> <span class='ocrx_word' id='word_1_53' title='bbox 2444 931 2465 966; x_wconf 88' lang='lat'>,</span> <span class='ocrx_word' id='word_1_54' title='bbox 2517 880 3064 977; x_wconf 83' lang='lat' dir='ltr'>quodcredibile</span> <span class='ocrx_word' id='word_1_55' title='bbox 3173 902 3184 909; x_wconf 87' lang='lat'>·</span> 
     </span>
    </p>
   </div>
   <div class='ocr_carea' id='block_1_5' title="bbox 504 973 3114 4292">
    <p class='ocr_par' dir='ltr' id='par_1_5' title="bbox 533 973 3065 1171">
     <span class='ocr_line' id='line_1_9' title="bbox 533 973 3065 1078; baseline -0.006 -23"><span class='ocrx_word' id='word_1_56' title='bbox 533 985 847 1065; x_wconf 83' lang='lat' dir='ltr'>videtur,</span> <span class='ocrx_word' id='word_1_57' title='bbox 900 982 1226 1078; x_wconf 76' lang='lat' dir='ltr'>pertinuit</span> <span class='ocrx_word' id='word_1_58' title='bbox 1268 973 1350 1048; x_wconf 82' lang='lat' dir='ltr'>ad</span> <span class='ocrx_word' id='word_1_59' title='bbox 1376 999 1616 1048; x_wconf 88' lang='lat' dir='ltr'>annum</span> <span class='ocrx_word' id='word_1_60' title='bbox 1645 999 2015 1065; x_wconf 14' lang='lat' dir='ltr'>nctxxhxr.</span> <span class='ocrx_word' id='word_1_61' title='bbox 2057 1000 2206 1069; x_wconf 86' lang='lat' dir='ltr'>nam</span> <span class='ocrx_word' id='word_1_62' title='bbox 2244 1000 2326 1047; x_wconf 90' lang='lat' dir='ltr'>eo</span> <span class='ocrx_word' id='word_1_63' title='bbox 2354 976 2630 1053; x_wconf 84' lang='lat' dir='ltr'>demum</span> <span class='ocrx_word' id='word_1_64' title='bbox 2672 1005 2888 1066; x_wconf 89' lang='lat' dir='ltr'>anno,</span> <span class='ocrx_word' id='word_1_65' title='bbox 2940 1003 3065 1053; x_wconf 80' lang='lat' dir='ltr'>oc..</span> 
     </span>
     <span class='ocr_line' id='line_1_10' title="bbox 538 1077 2444 1171; baseline -0.005 -17"><span class='ocrx_word' id='word_1_66' title='bbox 538 1080 689 1155; x_wconf 80' lang='lat' dir='ltr'>cisis</span> <span class='ocrx_word' id='word_1_67' title='bbox 735 1079 1030 1152; x_wconf 86' lang='lat' dir='ltr'>Sertorio</span> <span class='ocrx_word' id='word_1_68' title='bbox 1081 1083 1140 1146; x_wconf 71' lang='grc' dir='ltr'>δι</span> <span class='ocrx_word' id='word_1_69' title='bbox 1193 1082 1534 1170; x_wconf 80' lang='lat' dir='ltr'>Perperna,</span> <span class='ocrx_word' id='word_1_70' title='bbox 1586 1093 1844 1170; x_wconf 81' lang='lat' dir='ltr'>pacatae</span> <span class='ocrx_word' id='word_1_71' title='bbox 1876 1079 2021 1146; x_wconf 84' lang='lat' dir='ltr'>sunt</span> <span class='ocrx_word' id='word_1_72' title='bbox 2061 1077 2444 1171; x_wconf 86' lang='lat' dir='ltr'>Hispaniae.</span> 
     </span>
    </p>

    <p class='ocr_par' dir='ltr' id='par_1_6' title="bbox 504 1170 3090 3794">
     <span class='ocr_line' id='line_1_11' title="bbox 520 1170 3072 1268; baseline -0.001 -17"><span class='ocrx_word' id='word_1_73' title='bbox 520 1228 533 1233; x_wconf 88' lang='lat'><em>-</em></span> <span class='ocrx_word' id='word_1_74' title='bbox 640 1179 825 1251; x_wconf 84' lang='lat' dir='ltr'>Hinc</span> <span class='ocrx_word' id='word_1_75' title='bbox 867 1171 1175 1247; x_wconf 88' lang='lat' dir='ltr'>videmus</span> <span class='ocrx_word' id='word_1_76' title='bbox 1207 1171 1513 1266; x_wconf 80' lang='lat' dir='ltr'>quamvis</span> <span class='ocrx_word' id='word_1_77' title='bbox 1546 1171 1882 1264; x_wconf 76' lang='lat' dir='ltr'>Sallustius</span> <span class='ocrx_word' id='word_1_78' title='bbox 1931 1173 2216 1268; x_wconf 70' lang='lat' dir='ltr'>carptim</span> <span class='ocrx_word' id='word_1_79' title='bbox 2269 1170 2616 1268; x_wconf 77' lang='lat' dir='ltr'>scripsisset</span> <span class='ocrx_word' id='word_1_80' title='bbox 2685 1170 3072 1248; x_wconf 83' lang='lat' dir='ltr'>Historiam</span> 
     </span>
     <span class='ocr_line' id='line_1_12' title="bbox 541 1268 3063 1364; baseline -0.002 -14"><span class='ocrx_word' id='word_1_81' title='bbox 541 1282 960 1354; x_wconf 86' lang='lat' dir='ltr'>Romanam,</span> <span class='ocrx_word' id='word_1_82' title='bbox 1013 1295 1135 1342; x_wconf 83' lang='lat' dir='ltr'>nec</span> <span class='ocrx_word' id='word_1_83' title='bbox 1177 1270 1495 1343; x_wconf 88' lang='lat' dir='ltr'>continua</span> <span class='ocrx_word' id='word_1_84' title='bbox 1548 1288 1934 1364; x_wconf 89' lang='lat' dir='ltr'>temporum</span> <span class='ocrx_word' id='word_1_85' title='bbox 1985 1268 2145 1339; x_wconf 88' lang='lat' dir='ltr'>serie</span> <span class='ocrx_word' id='word_1_86' title='bbox 2190 1270 2685 1342; x_wconf 86' lang='lat' dir='ltr'>lucubrationes</span> <span class='ocrx_word' id='word_1_87' title='bbox 2721 1276 2858 1345; x_wconf 82' lang='lat' dir='ltr'>suas</span> <span class='ocrx_word' id='word_1_88' title='bbox 2915 1270 3063 1344; x_wconf 86' lang='lat' dir='ltr'>edi-</span> 
     </span>
     <span class='ocr_line' id='line_1_13' title="bbox 537 1363 3065 1464; baseline -0.002 -20"><span class='ocrx_word' id='word_1_89' title='bbox 537 1373 782 1454; x_wconf 81' lang='lat' dir='ltr'>diffet,</span> <span class='ocrx_word' id='word_1_90' title='bbox 849 1394 935 1442; x_wconf 87' lang='lat' dir='ltr'>ex</span> <span class='ocrx_word' id='word_1_91' title='bbox 986 1369 1202 1440; x_wconf 84' lang='lat' dir='ltr'>tribus</span> <span class='ocrx_word' id='word_1_92' title='bbox 1252 1363 1586 1461; x_wconf 83' lang='lat' dir='ltr'>postremo</span> <span class='ocrx_word' id='word_1_93' title='bbox 1641 1366 2024 1437; x_wconf 86' lang='lat' dir='ltr'>memoratis</span> <span class='ocrx_word' id='word_1_94' title='bbox 2074 1368 2392 1463; x_wconf 87' lang='lat' dir='ltr'>operibus</span> <span class='ocrx_word' id='word_1_95' title='bbox 2440 1363 2732 1464; x_wconf 78' lang='lat' dir='ltr'>potuisse</span> <span class='ocrx_word' id='word_1_96' title='bbox 2783 1370 3065 1442; x_wconf 85' lang='lat' dir='ltr'>contexi</span> 
     </span>
     <span class='ocr_line' id='line_1_14' title="bbox 539 1460 3066 1558; baseline -0.002 -16"><span class='ocrx_word' id='word_1_97' title='bbox 539 1470 811 1543; x_wconf 83' lang='lat' dir='ltr'>circiter</span> <span class='ocrx_word' id='word_1_98' title='bbox 834 1463 1222 1538; x_wconf 64' lang='lat' dir='ltr'>ofiodecim</span> <span class='ocrx_word' id='word_1_99' title='bbox 1250 1476 1571 1535; x_wconf 78' lang='lat' dir='ltr'>annorum</span> <span class='ocrx_word' id='word_1_100' title='bbox 1601 1460 2013 1551; x_wconf 68' lang='lat' dir='ltr'>Historim3</span> <span class='ocrx_word' id='word_1_101' title='bbox 2068 1489 2242 1558; x_wconf 86' lang='lat' dir='ltr'>quae</span> <span class='ocrx_word' id='word_1_102' title='bbox 2284 1466 2537 1539; x_wconf 88' lang='lat' dir='ltr'>utinam</span> <span class='ocrx_word' id='word_1_103' title='bbox 2572 1468 2711 1537; x_wconf 90' lang='lat' dir='ltr'>sane</span> <span class='ocrx_word' id='word_1_104' title='bbox 2735 1464 3066 1537; x_wconf 76' lang='lat' dir='ltr'>exstaret!</span> 
     </span>
     <span class='ocr_line' id='line_1_15' title="bbox 504 1557 3068 1664; baseline -0.002 -25"><span class='ocrx_word' id='word_1_105' title='bbox 504 1638 509 1639; x_wconf 8' lang='lat' dir='ltr'>a</span> <span class='ocrx_word' id='word_1_106' title='bbox 545 1575 938 1664; x_wconf 69' lang='lat' dir='ltr'>Fragmenta</span> <span class='ocrx_word' id='word_1_107' title='bbox 980 1563 1159 1635; x_wconf 87' lang='lat' dir='ltr'>enim</span> <span class='ocrx_word' id='word_1_108' title='bbox 1185 1559 1332 1649; x_wconf 82' lang='lat' dir='ltr'>ejus</span> <span class='ocrx_word' id='word_1_109' title='bbox 1356 1558 1531 1632; x_wconf 75' lang='lat' dir='ltr'>fitim</span> <span class='ocrx_word' id='word_1_110' title='bbox 1573 1557 1858 1632; x_wconf 86' lang='lat' dir='ltr'>nostram</span> <span class='ocrx_word' id='word_1_111' title='bbox 1892 1559 2225 1647; x_wconf 83' lang='lat' dir='ltr'>excitant,</span> <span class='ocrx_word' id='word_1_112' title='bbox 2279 1586 2412 1634; x_wconf 89' lang='lat' dir='ltr'>non</span> <span class='ocrx_word' id='word_1_113' title='bbox 2444 1559 2884 1657; x_wconf 81' lang='lat' dir='ltr'>restinguunt.</span> <span class='ocrx_word' id='word_1_114' title='bbox 2957 1560 3068 1645; x_wconf 74' lang='lat' dir='ltr'>Hi</span> 
     </span>
     <span class='ocr_line' id='line_1_16' title="bbox 550 1658 3070 1757; baseline -0.002 -19"><span class='ocrx_word' id='word_1_115' title='bbox 550 1664 969 1739; x_wconf 82' lang='lat' dir='ltr'>autem-libri</span> <span class='ocrx_word' id='word_1_116' title='bbox 995 1711 1015 1745; x_wconf 92' lang='lat'>,</span> <span class='ocrx_word' id='word_1_117' title='bbox 1066 1660 1374 1757; x_wconf 63' lang='lat' dir='ltr'>quamvis</span> <span class='ocrx_word' id='word_1_118' title='bbox 1413 1660 1492 1728; x_wconf 88' lang='lat' dir='ltr'>ab</span> <span class='ocrx_word' id='word_1_119' title='bbox 1534 1659 1802 1731; x_wconf 64' lang='lat' dir='ltr'>auctore</span> <span class='ocrx_word' id='word_1_120' title='bbox 1829 1681 1927 1728; x_wconf 80' lang='lat' dir='ltr'>eo</span> <span class='ocrx_word' id='word_1_121' title='bbox 1968 1658 2249 1743; x_wconf 86' lang='lat' dir='ltr'>ordine,</span> <span class='ocrx_word' id='word_1_122' title='bbox 2298 1683 2502 1755; x_wconf 89' lang='lat' dir='ltr'>quem</span> <span class='ocrx_word' id='word_1_123' title='bbox 2550 1680 2875 1733; x_wconf 83' lang='lat' dir='ltr'>memorat</span> <span class='ocrx_word' id='word_1_124' title='bbox 2912 1664 3070 1734; x_wconf 75' lang='lat' dir='ltr'>An-</span> 
     </span>
     <span class='ocr_line' id='line_1_17' title="bbox 530 1751 3075 1862; baseline -0.002 -27"><span class='ocrx_word' id='word_1_125' title='bbox 530 1769 776 1862; x_wconf 79' lang='lat' dir='ltr'>som&#39;us,</span> <span class='ocrx_word' id='word_1_126' title='bbox 817 1757 1021 1843; x_wconf 84' lang='lat' dir='ltr'>editi,</span> <span class='ocrx_word' id='word_1_127' title='bbox 1083 1754 1351 1828; x_wconf 87' lang='lat' dir='ltr'>identur</span> <span class='ocrx_word' id='word_1_128' title='bbox 1390 1751 1609 1852; x_wconf 85' lang='lat' dir='ltr'>postea</span> <span class='ocrx_word' id='word_1_129' title='bbox 1648 1780 1682 1826; x_wconf 89' lang='lat' dir='ltr'>a</span> <span class='ocrx_word' id='word_1_130' title='bbox 1725 1757 2197 1827; x_wconf 82' lang='lat' dir='ltr'>Grammaticis</span> <span class='ocrx_word' id='word_1_131' title='bbox 2247 1759 2312 1827; x_wconf 87' lang='lat' dir='ltr'>in</span> <span class='ocrx_word' id='word_1_132' title='bbox 2361 1755 2663 1827; x_wconf 87' lang='lat' dir='ltr'>ordinem</span> <span class='ocrx_word' id='word_1_133' title='bbox 2707 1754 3075 1852; x_wconf 78' lang='lat' dir='ltr'>quemdam</span> 
     </span>
     <span class='ocr_line' id='line_1_18' title="bbox 540 1851 3069 1949; baseline -0.003 -15"><span class='ocrx_word' id='word_1_134' title='bbox 540 1858 843 1942; x_wconf 75' lang='lat' dir='ltr'>redaffi,</span> <span class='ocrx_word' id='word_1_135' title='bbox 892 1876 967 1930; x_wconf 93' lang='lat' dir='ltr'>ut</span> <span class='ocrx_word' id='word_1_136' title='bbox 1020 1878 1114 1927; x_wconf 83' lang='lat' dir='ltr'>ex·</span> <span class='ocrx_word' id='word_1_137' title='bbox 1153 1854 1372 1925; x_wconf 81' lang='lat' dir='ltr'>tribus</span> <span class='ocrx_word' id='word_1_138' title='bbox 1426 1853 1748 1949; x_wconf 82' lang='lat' dir='ltr'>operibus</span> <span class='ocrx_word' id='word_1_139' title='bbox 1793 1877 1928 1925; x_wconf 63' lang='lat' dir='ltr'>una&gt;</span> <span class='ocrx_word' id='word_1_140' title='bbox 1969 1853 2371 1926; x_wconf 82' lang='lat' dir='ltr'>conflaretur</span> <span class='ocrx_word' id='word_1_141' title='bbox 2426 1851 2767 1936; x_wconf 84' lang='lat' dir='ltr'>Historia,</span> <span class='ocrx_word' id='word_1_142' title='bbox 2836 1854 3069 1927; x_wconf 87' lang='lat' dir='ltr'>Libri-</span> 
     </span>
     <span class='ocr_line' id='line_1_19' title="bbox 542 1947 3075 2055; baseline -0.004 -26"><span class='ocrx_word' id='word_1_143' title='bbox 542 1972 677 2055; x_wconf 83' lang='lat' dir='ltr'>q&#39;ue</span> <span class='ocrx_word' id='word_1_144' title='bbox 719 1952 872 2043; x_wconf 77' lang='lat' dir='ltr'>ejus</span> <span class='ocrx_word' id='word_1_145' title='bbox 906 1972 1230 2051; x_wconf 81' lang='lat' dir='ltr'>perpetuo</span> <span class='ocrx_word' id='word_1_146' title='bbox 1290 1947 1527 2021; x_wconf 89' lang='lat' dir='ltr'>ordine</span> <span class='ocrx_word' id='word_1_147' title='bbox 1569 1951 1861 2048; x_wconf 74' lang='lat' dir='ltr'>a-primo</span> <span class='ocrx_word' id='word_1_148' title='bbox 1903 1948 1983 2022; x_wconf 91' lang='lat' dir='ltr'>ad</span> <span class='ocrx_word' id='word_1_149' title='bbox 2025 1951 2345 2025; x_wconf 82' lang='lat' dir='ltr'>ultimum</span> <span class='ocrx_word' id='word_1_150' title='bbox 2385 1947 2833 2037; x_wconf 75' lang='lat' dir='ltr'>decurrerent,</span> <span class='ocrx_word' id='word_1_151' title='bbox 2879 1973 3075 2024; x_wconf 90' lang='lat' dir='ltr'>com-</span> 
     </span>
     <span class='ocr_line' id='line_1_20' title="bbox 544 2045 3074 2146; baseline -0.002 -17"><span class='ocrx_word' id='word_1_152' title='bbox 544 2051 973 2146; x_wconf 74' lang='lat' dir='ltr'>modiusque,</span> <span class='ocrx_word' id='word_1_153' title='bbox 1020 2049 1104 2122; x_wconf 89' lang='lat' dir='ltr'>ad</span> <span class='ocrx_word' id='word_1_154' title='bbox 1160 2045 1623 2121; x_wconf 80' lang='lat' dir='ltr'>testimonium</span> <span class='ocrx_word' id='word_1_155' title='bbox 1671 2050 2054 2120; x_wconf 81' lang='lat' dir='ltr'>citarentur.</span> <span class='ocrx_word' id='word_1_156' title='bbox 2160 2052 2703 2143; x_wconf 27' lang='lat' dir='ltr'>Asinius-,Pomm</span> <span class='ocrx_word' id='word_1_157' title='bbox 2751 2052 2819 2121; x_wconf 83' lang='lat' dir='ltr'>in</span> <span class='ocrx_word' id='word_1_158' title='bbox 2891 2048 3074 2125; x_wconf 85' lang='lat' dir='ltr'>libro</span> 
     </span>
     <span class='ocr_line' id='line_1_21' title="bbox 548 2143 3070 2248; baseline 0.002 -30"><span class='ocrx_word' id='word_1_159' title='bbox 548 2178 691 2248; x_wconf 87' lang='lat' dir='ltr'>quo</span> <span class='ocrx_word' id='word_1_160' title='bbox 714 2150 998 2240; x_wconf 75' lang='lat' dir='ltr'>Sallustii</span> <span class='ocrx_word' id='word_1_161' title='bbox 1038 2146 1271 2244; x_wconf 88' lang='lat' dir='ltr'>scripta</span> <span class='ocrx_word' id='word_1_162' title='bbox 1313 2143 1848 2242; x_wconf 84' lang='lat' dir='ltr'>reprehenderat,</span> <span class='ocrx_word' id='word_1_163' title='bbox 1892 2165 1970 2218; x_wconf 90' lang='lat' dir='ltr'>ut</span> <span class='ocrx_word' id='word_1_164' title='bbox 2015 2147 2222 2218; x_wconf 87' lang='lat' dir='ltr'>nimia</span> <span class='ocrx_word' id='word_1_165' title='bbox 2280 2147 2642 2242; x_wconf 87' lang='lat' dir='ltr'>priscorum</span> <span class='ocrx_word' id='word_1_166' title='bbox 2707 2148 3070 2224; x_wconf 85' lang='lat' dir='ltr'>verborum</span> 
     </span>
     <span class='ocr_line' id='line_1_22' title="bbox 536 2241 3070 2345; baseline -0.001 -22"><span class='ocrx_word' id='word_1_167' title='bbox 536 2242 998 2323; x_wconf 55' lang='lat' dir='ltr'>&#39;adfeeiatione</span> <span class='ocrx_word' id='word_1_168' title='bbox 1033 2245 1274 2328; x_wconf 91' lang='lat' dir='ltr'>oblita,</span> <span class='ocrx_word' id='word_1_169' title='bbox 1303 2241 1602 2315; x_wconf 83' lang='lat' dir='ltr'>tradebat</span> <span class='ocrx_word' id='word_1_170' title='bbox 1623 2293 1644 2326; x_wconf 88' lang='lat'>‚</span> <span class='ocrx_word' id='word_1_171' title='bbox 1696 2249 1778 2314; x_wconf 81' lang='lat' dir='ltr'>In</span> <span class='ocrx_word' id='word_1_172' title='bbox 1818 2269 1957 2316; x_wconf 85' lang='lat' dir='ltr'>eam</span> <span class='ocrx_word' id='word_1_173' title='bbox 1988 2271 2122 2316; x_wconf 85' lang='lat' dir='ltr'>rem</span> <span class='ocrx_word' id='word_1_174' title='bbox 2157 2246 2561 2344; x_wconf 75' lang='lat' dir='ltr'>adjutorium</span> <span class='ocrx_word' id='word_1_175' title='bbox 2602 2253 2657 2314; x_wconf 82' lang='lat' dir='ltr'>ei</span> <span class='ocrx_word' id='word_1_176' title='bbox 2678 2247 2887 2345; x_wconf 72' lang='lat' dir='ltr'>feczffe</span> <span class='ocrx_word' id='word_1_177' title='bbox 2917 2275 3070 2321; x_wconf 82' lang='lat' dir='ltr'>ma·</span> 
     </span>
     <span class='ocr_line' id='line_1_23' title="bbox 549 2341 3068 2445; baseline 0 -25"><span class='ocrx_word' id='word_1_178' title='bbox 549 2360 726 2421; x_wconf 84' lang='lat' dir='ltr'>xime</span> <span class='ocrx_word' id='word_1_179' title='bbox 760 2343 1103 2445; x_wconf 72' lang='lat' dir='ltr'>quemdam</span> <span class='ocrx_word' id='word_1_180' title='bbox 1136 2346 1438 2414; x_wconf 77' lang='lat' dir='ltr'>Atteium</span> <span class='ocrx_word' id='word_1_181' title='bbox 1476 2347 1966 2413; x_wconf 71' lang='lat' dir='ltr'>praetextatum</span> <span class='ocrx_word' id='word_1_182' title='bbox 1985 2392 2033 2426; x_wconf 87' lang='lat'>,.</span> <span class='ocrx_word' id='word_1_183' title='bbox 2059 2341 2327 2414; x_wconf 82' lang='lat' dir='ltr'>nobilem</span> <span class='ocrx_word' id='word_1_184' title='bbox 2367 2348 2886 2434; x_wconf 63' lang='lat' dir='ltr'>Grammaticum</span> <span class='ocrx_word' id='word_1_185' title='bbox 2925 2354 3068 2419; x_wconf 77' lang='lat' dir='ltr'>La·</span> 
     </span>
     <span class='ocr_line' id='line_1_24' title="bbox 552 2439 3062 2540; baseline -0.001 -20"><span class='ocrx_word' id='word_1_186' title='bbox 552 2458 789 2526; x_wconf 70' lang='lat' dir='ltr'>tinum,</span> <span class='ocrx_word' id='word_1_187' title='bbox 834 2443 1333 2512; x_wconf 75' lang='lat' dir='ltr'>declamantium</span> <span class='ocrx_word' id='word_1_188' title='bbox 1371 2440 1591 2512; x_wconf 83' lang='lat' dir='ltr'>deinde</span> <span class='ocrx_word' id='word_1_189' title='bbox 1622 2439 1988 2538; x_wconf 77' lang='lat' dir='ltr'>adjutorem</span> <span class='ocrx_word' id='word_1_190' title='bbox 2021 2463 2214 2538; x_wconf 75' lang='lat' dir='ltr'>arque</span> <span class='ocrx_word' id='word_1_191' title='bbox 2235 2463 2730 2540; x_wconf 76' lang='lat' dir='ltr'>praeceptorem.</span> <span class='ocrx_word' id='word_1_192' title='bbox 2781 2441 2899 2511; x_wconf 84' lang='lat' dir='ltr'>Ab</span> <span class='ocrx_word' id='word_1_193' title='bbox 2925 2443 3062 2517; x_wconf 87' lang='lat' dir='ltr'>hoc</span> 
     </span>
     <span class='ocr_line' id='line_1_25' title="bbox 553 2535 3064 2640; baseline 0 -25"><span class='ocrx_word' id='word_1_194' title='bbox 553 2542 764 2631; x_wconf 87' lang='lat' dir='ltr'>ajebat</span> <span class='ocrx_word' id='word_1_195' title='bbox 789 2539 1190 2632; x_wconf 74' lang='lat' dir='ltr'>Sallustium,</span> <span class='ocrx_word' id='word_1_196' title='bbox 1239 2538 1594 2629; x_wconf 72' lang='lat' dir='ltr'>Historiam</span> <span class='ocrx_word' id='word_1_197' title='bbox 1616 2535 1896 2632; x_wconf 86' lang='lat' dir='ltr'>scribere</span> <span class='ocrx_word' id='word_1_198' title='bbox 1923 2540 2299 2640; x_wconf 78' lang='lat' dir='ltr'>aggreffum,</span> <span class='ocrx_word' id='word_1_199' title='bbox 2342 2536 2661 2611; x_wconf 74' lang='lat' dir='ltr'>breviario</span> <span class='ocrx_word' id='word_1_200' title='bbox 2685 2563 2904 2612; x_wconf 75' lang='lat' dir='ltr'>rerum</span> <span class='ocrx_word' id='word_1_201' title='bbox 2928 2571 3064 2615; x_wconf 82' lang='lat' dir='ltr'>om-</span> 
     </span>
     <span class='ocr_line' id='line_1_26' title="bbox 551 2632 3068 2744; baseline -0.002 -30"><span class='ocrx_word' id='word_1_202' title='bbox 551 2650 731 2714; x_wconf 71' lang='lat' dir='ltr'>nium</span> <span class='ocrx_word' id='word_1_203' title='bbox 771 2643 1250 2717; x_wconf 72' lang='lat' dir='ltr'>Romanarum,</span> <span class='ocrx_word' id='word_1_204' title='bbox 1302 2661 1385 2705; x_wconf 83' lang='lat' dir='ltr'>ex</span> <span class='ocrx_word' id='word_1_205' title='bbox 1424 2634 1651 2734; x_wconf 75' lang='lat' dir='ltr'>quibus</span> <span class='ocrx_word' id='word_1_206' title='bbox 1678 2660 1839 2732; x_wconf 76' lang='lat' dir='ltr'>quas</span> <span class='ocrx_word' id='word_1_207' title='bbox 1882 2642 2078 2706; x_wconf 76' lang='lat' dir='ltr'>vellet</span> <span class='ocrx_word' id='word_1_208' title='bbox 2115 2640 2400 2739; x_wconf 69' lang='lat' dir='ltr'>eligeret,</span> <span class='ocrx_word' id='word_1_209' title='bbox 2435 2632 2814 2725; x_wconf 58' lang='lat' dir='ltr'>instrufil&#39;um</span> <span class='ocrx_word' id='word_1_210' title='bbox 2845 2642 3068 2744; x_wconf 63' lang='lat' dir='ltr'>susse,</span> 
     </span>
     <span class='ocr_line' id='line_1_27' title="bbox 552 2732 3064 2836; baseline -0.002 -26"><span class='ocrx_word' id='word_1_211' title='bbox 552 2749 946 2836; x_wconf 76' lang='lat' dir='ltr'>antiquaque</span> <span class='ocrx_word' id='word_1_212' title='bbox 991 2743 1046 2804; x_wconf 88' lang='lat' dir='ltr'>ei</span> <span class='ocrx_word' id='word_1_213' title='bbox 1094 2733 1293 2805; x_wconf 76' lang='lat' dir='ltr'>verba</span> <span class='ocrx_word' id='word_1_214' title='bbox 1335 2742 1410 2818; x_wconf 59' lang='grc' dir='ltr'>ὠ*</span> <span class='ocrx_word' id='word_1_215' title='bbox 1438 2733 1690 2833; x_wconf 83' lang='lat' dir='ltr'>figuras</span> <span class='ocrx_word' id='word_1_216' title='bbox 1723 2732 1995 2826; x_wconf 71' lang='lat' dir='ltr'>filimm</span> <span class='ocrx_word' id='word_1_217' title='bbox 2038 2757 2184 2804; x_wconf 83' lang='lat' dir='ltr'>eum</span> <span class='ocrx_word' id='word_1_218' title='bbox 2216 2734 2323 2829; x_wconf 82' lang='lat' dir='ltr'>effe</span> <span class='ocrx_word' id='word_1_219' title='bbox 2356 2736 2500 2804; x_wconf 82' lang='lat' dir='ltr'>colli</span> <span class='ocrx_word' id='word_1_220' title='bbox 2539 2758 2662 2806; x_wconf 84' lang='lat' dir='ltr'>ere.</span> <span class='ocrx_word' id='word_1_221' title='bbox 2765 2732 3064 2809; x_wconf 71' lang='lat' dir='ltr'>Videtur</span> 
     </span>
     <span class='ocr_line' id='line_1_28' title="bbox 557 2759 3070 2927; baseline -0 -20"><span class='ocrx_word' id='word_1_222' title='bbox 557 2833 1055 2908; x_wconf 82' lang='lat' dir='ltr'>Grammaticus</span> <span class='ocrx_word' id='word_1_223' title='bbox 1094 2855 1226 2900; x_wconf 90' lang='lat' dir='ltr'>non</span> <span class='ocrx_word' id='word_1_224' title='bbox 1270 2829 1594 2926; x_wconf 85' lang='lat' dir='ltr'>ignobilis</span> <span class='ocrx_word' id='word_1_225' title='bbox 1637 2852 1709 2899; x_wconf 91' lang='lat' dir='ltr'>ea</span> <span class='ocrx_word' id='word_1_226' title='bbox 1751 2830 1816 2898; x_wconf 92' lang='lat' dir='ltr'>in</span> <span class='ocrx_word' id='word_1_227' title='bbox 1859 2852 1926 2904; x_wconf 91' lang='lat' dir='ltr'>re</span> <span class='ocrx_word' id='word_1_228' title='bbox 1967 2830 2239 2924; x_wconf 87' lang='lat' dir='ltr'>ingenio</span> <span class='ocrx_word' id='word_1_229' title='bbox 2284 2853 2356 2900; x_wconf 88' lang='lat' dir='ltr'>ac</span> <span class='ocrx_word' id='word_1_230' title='bbox 2399 2759 2740 2918; x_wconf 16' lang='lat' dir='ltr'>‘voluntati</span> <span class='ocrx_word' id='word_1_231' title='bbox 2780 2831 3070 2927; x_wconf 78' lang='lat' dir='ltr'>Sallustii</span> 
     </span>
     <span class='ocr_line' id='line_1_29' title="bbox 555 2921 3071 3031; baseline 0 -28"><span class='ocrx_word' id='word_1_232' title='bbox 555 2929 969 3031; x_wconf 80' lang='lat' dir='ltr'>gratificatus</span> <span class='ocrx_word' id='word_1_233' title='bbox 990 2924 1147 3011; x_wconf 88' lang='lat' dir='ltr'>esse,</span> <span class='ocrx_word' id='word_1_234' title='bbox 1194 2929 1422 3023; x_wconf 88' lang='lat' dir='ltr'>potius</span> <span class='ocrx_word' id='word_1_235' title='bbox 1462 2950 1661 3021; x_wconf 92' lang='lat' dir='ltr'>quam</span> <span class='ocrx_word' id='word_1_236' title='bbox 1707 2924 2130 3020; x_wconf 82' lang='lat' dir='ltr'>suumipsius</span> <span class='ocrx_word' id='word_1_237' title='bbox 2157 2921 2495 3013; x_wconf 84' lang='lat' dir='ltr'>judicium</span> <span class='ocrx_word' id='word_1_238' title='bbox 2517 2926 2860 3021; x_wconf 19' lang='lat' dir='ltr'>sequut-us3</span> <span class='ocrx_word' id='word_1_239' title='bbox 2916 2955 3071 3004; x_wconf 89' lang='lat' dir='ltr'>nam</span> 
     </span>
     <span class='ocr_line' id='line_1_30' title="bbox 558 3021 3072 3123; baseline 0 -22"><span class='ocrx_word' id='word_1_240' title='bbox 558 3036 627 3101; x_wconf 86' lang='lat' dir='ltr'>in</span> <span class='ocrx_word' id='word_1_241' title='bbox 656 3028 1014 3122; x_wconf 84' lang='lat' dir='ltr'>praeceptis</span> <span class='ocrx_word' id='word_1_242' title='bbox 1045 3022 1435 3096; x_wconf 85' lang='lat' dir='ltr'>Rhetoricis</span> <span class='ocrx_word' id='word_1_243' title='bbox 1470 3023 1547 3095; x_wconf 91' lang='lat' dir='ltr'>ad</span> <span class='ocrx_word' id='word_1_244' title='bbox 1577 3021 2342 3107; x_wconf 78' lang='lat' dir='ltr'>AfiniumPollionem,</span> <span class='ocrx_word' id='word_1_245' title='bbox 2394 3023 2457 3093; x_wconf 90' lang='lat' dir='ltr'>ei</span> <span class='ocrx_word' id='word_1_246' title='bbox 2502 3025 2665 3097; x_wconf 77' lang='lat' dir='ltr'>nihil</span> <span class='ocrx_word' id='word_1_247' title='bbox 2701 3025 3072 3123; x_wconf 74' lang='lat' dir='ltr'>alindsua-</span> 
     </span>
     <span class='ocr_line' id='line_1_31' title="bbox 556 3118 3069 3223; baseline -0.005 -23"><span class='ocrx_word' id='word_1_248' title='bbox 556 3126 769 3209; x_wconf 82' lang='lat' dir='ltr'>debat,</span> <span class='ocrx_word' id='word_1_249' title='bbox 809 3144 886 3194; x_wconf 91' lang='lat' dir='ltr'>ut</span> <span class='ocrx_word' id='word_1_250' title='bbox 921 3118 1226 3218; x_wconf 89' lang='lat' dir='ltr'>prodidit</span> <span class='ocrx_word' id='word_1_251' title='bbox 1253 3122 1611 3194; x_wconf 85' lang='lat' dir='ltr'>Suetonius</span> <span class='ocrx_word' id='word_1_252' title='bbox 1629 3169 1650 3203; x_wconf 91' lang='lat'>‚</span> <span class='ocrx_word' id='word_1_253' title='bbox 1697 3147 1893 3220; x_wconf 77' lang='lat' dir='ltr'>quam</span> <span class='ocrx_word' id='word_1_254' title='bbox 1928 3143 2005 3192; x_wconf 78' lang='lat' dir='ltr'>ur</span> <span class='ocrx_word' id='word_1_255' title='bbox 2025 3142 2189 3202; x_wconf 80' lang='lat' dir='ltr'>noto,</span> <span class='ocrx_word' id='word_1_256' title='bbox 2217 3125 2523 3219; x_wconf 73' lang='lat' dir='ltr'>civilique</span> <span class='ocrx_word' id='word_1_257' title='bbox 2548 3133 2622 3207; x_wconf 59' lang='grc' dir='ltr'>ῤ’</span> <span class='ocrx_word' id='word_1_258' title='bbox 2638 3133 2885 3223; x_wconf 78' lang='lat' dir='ltr'>proprio</span> <span class='ocrx_word' id='word_1_259' title='bbox 2914 3130 3069 3200; x_wconf 81' lang='lat' dir='ltr'>Ser-</span> 
     </span>
     <span class='ocr_line' id='line_1_32' title="bbox 558 3218 3080 3319; baseline 0 -22"><span class='ocrx_word' id='word_1_260' title='bbox 558 3251 738 3297; x_wconf 80' lang='lat' dir='ltr'>mone</span> <span class='ocrx_word' id='word_1_261' title='bbox 765 3246 1076 3300; x_wconf 78' lang='lat' dir='ltr'>uteretur,</span> <span class='ocrx_word' id='word_1_262' title='bbox 1120 3232 1490 3319; x_wconf 72' lang='lat' dir='ltr'>vitantque</span> <span class='ocrx_word' id='word_1_263' title='bbox 1511 3228 1798 3290; x_wconf 78' lang='lat' dir='ltr'>maxime</span> <span class='ocrx_word' id='word_1_264' title='bbox 1832 3218 2276 3310; x_wconf 71' lang='lat' dir='ltr'>obscuritatem</span> <span class='ocrx_word' id='word_1_265' title='bbox 2309 3229 2385 3304; x_wconf 69' lang='grc' dir='ltr'>ὠ·</span> <span class='ocrx_word' id='word_1_266' title='bbox 2411 3218 2755 3292; x_wconf 74' lang='lat' dir='ltr'>andaciam</span> <span class='ocrx_word' id='word_1_267' title='bbox 2775 3231 2842 3292; x_wconf 82' lang='lat' dir='ltr'>in</span> <span class='ocrx_word' id='word_1_268' title='bbox 2863 3226 3080 3319; x_wconf 62' lang='lat' dir='ltr'>transl</span> 
     </span>
     <span class='ocr_line' id='line_1_33' title="bbox 559 3313 3090 3415; baseline 0.001 -23"><span class='ocrx_word' id='word_1_269' title='bbox 559 3318 922 3395; x_wconf 75' lang='lat' dir='ltr'>larionibus.</span> <span class='ocrx_word' id='word_1_270' title='bbox 991 3313 1340 3389; x_wconf 89' lang='lat' dir='ltr'>Credibile</span> <span class='ocrx_word' id='word_1_271' title='bbox 1385 3314 1477 3387; x_wconf 86' lang='lat' dir='ltr'>est</span> <span class='ocrx_word' id='word_1_272' title='bbox 1517 3316 1893 3410; x_wconf 75' lang='lat' dir='ltr'>Sallustium</span> <span class='ocrx_word' id='word_1_273' title='bbox 1932 3337 2001 3386; x_wconf 84' lang='lat' dir='ltr'>ea</span> <span class='ocrx_word' id='word_1_274' title='bbox 2033 3340 2100 3387; x_wconf 90' lang='lat' dir='ltr'>re</span> <span class='ocrx_word' id='word_1_275' title='bbox 2135 3318 2527 3409; x_wconf 86' lang='lat' dir='ltr'>gravitatem</span> <span class='ocrx_word' id='word_1_276' title='bbox 2570 3315 2727 3411; x_wconf 84' lang='lat' dir='ltr'>styli</span> <span class='ocrx_word' id='word_1_277' title='bbox 2766 3322 3090 3415; x_wconf 76' lang='lat' dir='ltr'>captasse,</span> 
     </span>
     <span class='ocr_line' id='line_1_34' title="bbox 561 3411 3075 3513; baseline 0 -25"><span class='ocrx_word' id='word_1_278' title='bbox 561 3427 630 3491; x_wconf 68' lang='grc' dir='ltr'>ὅτ</span> <span class='ocrx_word' id='word_1_279' title='bbox 662 3420 1041 3513; x_wconf 47' lang='lat' dir='ltr'>priscorum*</span> <span class='ocrx_word' id='word_1_280' title='bbox 1078 3415 1351 3486; x_wconf 86' lang='lat' dir='ltr'>illorum</span> <span class='ocrx_word' id='word_1_281' title='bbox 1405 3417 1863 3488; x_wconf 86' lang='lat' dir='ltr'>Romanorum</span> <span class='ocrx_word' id='word_1_282' title='bbox 1919 3411 2284 3482; x_wconf 90' lang='lat' dir='ltr'>sermonem</span> <span class='ocrx_word' id='word_1_283' title='bbox 2337 3411 2730 3498; x_wconf 88' lang='lat' dir='ltr'>imitatum,</span> <span class='ocrx_word' id='word_1_284' title='bbox 2781 3441 3075 3510; x_wconf 86' lang='lat' dir='ltr'>quorum</span> 
     </span>
     <span class='ocr_line' id='line_1_35' title="bbox 561 3507 3080 3616; baseline -0.004 -27"><span class='ocrx_word' id='word_1_285' title='bbox 561 3516 865 3589; x_wconf 87' lang='lat' dir='ltr'>moribus</span> <span class='ocrx_word' id='word_1_286' title='bbox 900 3508 1566 3595; x_wconf 59' lang='lat' dir='ltr'>eratdiffimillimus,</span> <span class='ocrx_word' id='word_1_287' title='bbox 1598 3527 1672 3581; x_wconf 91' lang='lat' dir='ltr'>ut</span> <span class='ocrx_word' id='word_1_288' title='bbox 1697 3507 2066 3605; x_wconf 87' lang='lat' dir='ltr'>flagitiosae</span> <span class='ocrx_word' id='word_1_289' title='bbox 2094 3509 2269 3580; x_wconf 87' lang='lat' dir='ltr'>vitae</span> <span class='ocrx_word' id='word_1_290' title='bbox 2298 3511 2893 3600; x_wconf 80' lang='lat' dir='ltr'>maculas-elueret,</span> <span class='ocrx_word' id='word_1_291' title='bbox 2930 3542 3080 3616; x_wconf 79' lang='lat' dir='ltr'>per.</span> 
     </span>
     <span class='ocr_line' id='line_1_36' title="bbox 564 3604 3082 3713; baseline -0 -28"><span class='ocrx_word' id='word_1_292' title='bbox 564 3611 995 3704; x_wconf 77' lang='lat' dir='ltr'>suaderetque</span> <span class='ocrx_word' id='word_1_293' title='bbox 1022 3609 1146 3691; x_wconf 78' lang='lat' dir='ltr'>iis,</span> <span class='ocrx_word' id='word_1_294' title='bbox 1197 3609 1449 3705; x_wconf 88' lang='lat' dir='ltr'>quibus</span> <span class='ocrx_word' id='word_1_295' title='bbox 1487 3608 1635 3681; x_wconf 87' lang='lat' dir='ltr'>satis</span> <span class='ocrx_word' id='word_1_296' title='bbox 1671 3626 1874 3696; x_wconf 73' lang='lat' dir='ltr'>notus</span> <span class='ocrx_word' id='word_1_297' title='bbox 1904 3630 2040 3680; x_wconf 87' lang='lat' dir='ltr'>non</span> <span class='ocrx_word' id='word_1_298' title='bbox 2076 3627 2257 3695; x_wconf 71' lang='lat' dir='ltr'>erat,</span> <span class='ocrx_word' id='word_1_299' title='bbox 2304 3604 2458 3681; x_wconf 81' lang='lat' dir='ltr'>falsa</span> <span class='ocrx_word' id='word_1_300' title='bbox 2483 3606 2611 3681; x_wconf 65' lang='lat' dir='ltr'>esse</span> <span class='ocrx_word' id='word_1_301' title='bbox 2635 3612 2883 3699; x_wconf 87' lang='lat' dir='ltr'>omnia,</span> <span class='ocrx_word' id='word_1_302' title='bbox 2909 3638 3082 3713; x_wconf 82' lang='lat' dir='ltr'>quae</span> 
     </span>
     <span class='ocr_line' id='line_1_37' title="bbox 568 3703 1824 3794; baseline -0.004 -11"><span class='ocrx_word' id='word_1_303' title='bbox 568 3711 654 3783; x_wconf 91' lang='lat' dir='ltr'>de</span> <span class='ocrx_word' id='word_1_304' title='bbox 686 3710 809 3782; x_wconf 91' lang='lat' dir='ltr'>illo</span> <span class='ocrx_word' id='word_1_305' title='bbox 841 3710 1061 3779; x_wconf 84' lang='lat' dir='ltr'>minus</span> <span class='ocrx_word' id='word_1_306' title='bbox 1090 3703 1358 3778; x_wconf 85' lang='lat' dir='ltr'>honesta</span> <span class='ocrx_word' id='word_1_307' title='bbox 1389 3705 1824 3794; x_wconf 50' lang='lat' dir='ltr'>jactabantur.</span> 
     </span>
    </p>

    <p class='ocr_par' dir='ltr' id='par_1_7' title="bbox 569 3799 3114 4292">
     <span class='ocr_line' id='line_1_38' title="bbox 661 3799 3114 3887; baseline -0.001 -5"><span class='ocrx_word' id='word_1_308' title='bbox 661 3813 918 3882; x_wconf 88' lang='lat' dir='ltr'>Verum</span> <span class='ocrx_word' id='word_1_309' title='bbox 959 3804 1077 3878; x_wconf 86' lang='lat' dir='ltr'>hae</span> <span class='ocrx_word' id='word_1_310' title='bbox 1118 3825 1283 3877; x_wconf 84' lang='lat' dir='ltr'>artes</span> <span class='ocrx_word' id='word_1_311' title='bbox 1333 3805 1506 3876; x_wconf 87' lang='lat' dir='ltr'>belle</span> <span class='ocrx_word' id='word_1_312' title='bbox 1558 3801 1821 3874; x_wconf 88' lang='lat' dir='ltr'>homini</span> <span class='ocrx_word' id='word_1_313' title='bbox 1889 3828 2023 3876; x_wconf 92' lang='lat' dir='ltr'>non</span> <span class='ocrx_word' id='word_1_314' title='bbox 2071 3799 2437 3887; x_wconf 79' lang='lat' dir='ltr'>cesserunt,</span> <span class='ocrx_word' id='word_1_315' title='bbox 2490 3825 2847 3876; x_wconf 86' lang='lat' dir='ltr'>nam·anno</span> <span class='ocrx_word' id='word_1_316' title='bbox 2886 3809 2911 3845; x_wconf 82' lang='lat'>⁸</span> <span class='ocrx_word' id='word_1_317' title='bbox 2965 3809 3114 3881; x_wconf 57' lang='lat' dir='ltr'>U:</span> 
     </span>
     <span class='ocr_line' id='line_1_39' title="bbox 570 3897 3087 3990; baseline -0.002 -9"><span class='ocrx_word' id='word_1_318' title='bbox 570 3912 668 3981; x_wconf 79' lang='lat' dir='ltr'>C.</span> <span class='ocrx_word' id='word_1_319' title='bbox 721 3928 1008 3979; x_wconf 82' lang='lat' dir='ltr'>Decrv.</span> <span class='ocrx_word' id='word_1_320' title='bbox 1095 3901 1288 3976; x_wconf 72' lang='lat' dir='ltr'>Coss‘.</span> <span class='ocrx_word' id='word_1_321' title='bbox 1344 3908 1427 3976; x_wconf 75' lang='lat' dir='ltr'>E.</span> <span class='ocrx_word' id='word_1_322' title='bbox 1520 3902 1836 3973; x_wconf 82' lang='lat' dir='ltr'>Aemilio</span> <span class='ocrx_word' id='word_1_323' title='bbox 1895 3904 2097 3976; x_wconf 89' lang='lat' dir='ltr'>Paulo</span> <span class='ocrx_word' id='word_1_324' title='bbox 2158 3906 2225 3971; x_wconf 73' lang='grc' dir='ltr'>δε</span> <span class='ocrx_word' id='word_1_325' title='bbox 2277 3903 2368 3973; x_wconf 91' lang='lat' dir='ltr'>C.</span> <span class='ocrx_word' id='word_1_326' title='bbox 2418 3897 2715 3972; x_wconf 89' lang='lat' dir='ltr'>Claudio</span> <span class='ocrx_word' id='word_1_327' title='bbox 2759 3904 3087 3990; x_wconf 53' lang='lat' dir='ltr'>‚Marcel-</span> 
     </span>
     <span class='ocr_line' id='line_1_40' title="bbox 573 3996 3078 4098; baseline -0.002 -22"><span class='ocrx_word' id='word_1_328' title='bbox 573 4007 685 4087; x_wconf 86' lang='lat'>10,</span> <span class='ocrx_word' id='word_1_329' title='bbox 745 4002 1014 4096; x_wconf 78' lang='lat' dir='ltr'>Appius</span> <span class='ocrx_word' id='word_1_330' title='bbox 1091 3997 1441 4084; x_wconf 54' lang='lat' dir='ltr'>Claudius,</span> <span class='ocrx_word' id='word_1_331' title='bbox 1484 3996 1770 4084; x_wconf 78' lang='lat' dir='ltr'>Pulcher</span> <span class='ocrx_word' id='word_1_332' title='bbox 1819 4002 2120 4082; x_wconf 87' lang='lat' dir='ltr'>Censor,</span> <span class='ocrx_word' id='word_1_333' title='bbox 2175 4022 2310 4068; x_wconf 90' lang='lat' dir='ltr'>non</span> <span class='ocrx_word' id='word_1_334' title='bbox 2346 4017 2754 4094; x_wconf 83' lang='lat' dir='ltr'>repugnante</span> <span class='ocrx_word' id='word_1_335' title='bbox 2795 4000 3078 4098; x_wconf 82' lang='lat' dir='ltr'>Collega</span> 
     </span>
     <span class='ocr_line' id='line_1_41' title="bbox 574 4093 3078 4194; baseline -0.004 -19"><span class='ocrx_word' id='word_1_336' title='bbox 574 4107 661 4175; x_wconf 87' lang='lat' dir='ltr'>L.</span> <span class='ocrx_word' id='word_1_337' title='bbox 683 4098 1054 4194; x_wconf 87' lang='lat' dir='ltr'>Calpurnio</span> <span class='ocrx_word' id='word_1_338' title='bbox 1090 4098 1349 4183; x_wconf 86' lang='lat' dir='ltr'>Pisone,</span> <span class='ocrx_word' id='word_1_339' title='bbox 1388 4120 1620 4169; x_wconf 82' lang='lat' dir='ltr'>omnes</span> <span class='ocrx_word' id='word_1_340' title='bbox 1648 4097 2029 4180; x_wconf 88' lang='lat' dir='ltr'>libertinos,</span> <span class='ocrx_word' id='word_1_341' title='bbox 2065 4114 2143 4169; x_wconf 90' lang='lat' dir='ltr'>ut</span> <span class='ocrx_word' id='word_1_342' title='bbox 2173 4093 2380 4167; x_wconf 87' lang='lat' dir='ltr'>docet</span> <span class='ocrx_word' id='word_1_343' title='bbox 2408 4101 2540 4169; x_wconf 85' lang='lat' dir='ltr'>Dio</span> <span class='ocrx_word' id='word_1_344' title='bbox 2566 4094 2726 4168; x_wconf 89' lang='lat' dir='ltr'>Lib.</span> <span class='ocrx_word' id='word_1_345' title='bbox 2752 4121 2876 4171; x_wconf 74' lang='grc' dir='ltr'>ιι.</span> <span class='ocrx_word' id='word_1_346' title='bbox 2905 4100 3078 4170; x_wconf 86' lang='lat' dir='ltr'>mul-</span> 
     </span>
     <span class='ocr_line' id='line_1_42' title="bbox 569 4193 3086 4292; baseline -0.002 -22"><span class='ocrx_word' id='word_1_347' title='bbox 569 4219 679 4270; x_wconf 80' lang='lat' dir='ltr'>tos</span> <span class='ocrx_word' id='word_1_348' title='bbox 713 4196 914 4267; x_wconf 88' lang='lat' dir='ltr'>etiam</span> <span class='ocrx_word' id='word_1_349' title='bbox 956 4193 1298 4268; x_wconf 86' lang='lat' dir='ltr'>nobilium</span> <span class='ocrx_word' id='word_1_350' title='bbox 1323 4243 1345 4277; x_wconf 89' lang='lat'>‚</span> <span class='ocrx_word' id='word_1_351' title='bbox 1398 4213 1603 4288; x_wconf 88' lang='lat' dir='ltr'>atque</span> <span class='ocrx_word' id='word_1_352' title='bbox 1636 4193 1812 4266; x_wconf 85' lang='lat' dir='ltr'>inter</span> <span class='ocrx_word' id='word_1_353' title='bbox 1851 4217 1968 4267; x_wconf 90' lang='lat' dir='ltr'>eos</span> <span class='ocrx_word' id='word_1_354' title='bbox 2005 4197 2299 4292; x_wconf 78' lang='lat' dir='ltr'>Crispum</span> <span class='ocrx_word' id='word_1_355' title='bbox 2331 4193 2712 4287; x_wconf 76' lang='lat' dir='ltr'>Sallustium</span> <span class='ocrx_word' id='word_1_356' title='bbox 2735 4245 2761 4278; x_wconf 88' lang='lat'>,</span> <span class='ocrx_word' id='word_1_357' title='bbox 2812 4195 2929 4290; x_wconf 91' lang='lat' dir='ltr'>qui</span> <span class='ocrx_word' id='word_1_358' title='bbox 2971 4195 3086 4266; x_wconf 87' lang='lat' dir='ltr'>bi-</span> 
     </span>
    </p>
   </div>
   <div class='ocr_carea' id='block_1_6' title="bbox 572 4289 3099 4474">
    <p class='ocr_par' dir='ltr' id='par_1_8' title="bbox 572 4289 3099 4474">
     <span class='ocr_line' id='line_1_43' title="bbox 572 4289 3099 4391; baseline 0 -22"><span class='ocrx_word' id='word_1_359' title='bbox 572 4294 841 4368; x_wconf 78' lang='lat' dir='ltr'>storiam</span> <span class='ocrx_word' id='word_1_360' title='bbox 876 4291 1334 4391; x_wconf 73' lang='lat' dir='ltr'>conscripsit,</span> <span class='ocrx_word' id='word_1_361' title='bbox 1396 4296 1640 4367; x_wconf 78' lang='lat' dir='ltr'>Senatu</span> <span class='ocrx_word' id='word_1_362' title='bbox 1695 4289 1930 4383; x_wconf 86' lang='lat' dir='ltr'>ejecit.</span> <span class='ocrx_word' id='word_1_363' title='bbox 2032 4289 2252 4383; x_wconf 81' lang='lat' dir='ltr'>Quod</span> <span class='ocrx_word' id='word_1_364' title='bbox 2300 4291 2605 4380; x_wconf 63' lang='lat' dir='ltr'>fastum,</span> <span class='ocrx_word' id='word_1_365' title='bbox 2657 4290 2705 4364; x_wconf 81' lang='lat' dir='ltr'>si</span> <span class='ocrx_word' id='word_1_366' title='bbox 2761 4292 3099 4370; x_wconf 83' lang='lat' dir='ltr'>veteribus</span> 
     </span>
     <span class='ocr_line' id='line_1_44' title="bbox 656 4404 1142 4474; baseline 0.012 -16"><span class='ocrx_word' id='word_1_367' title='bbox 656 4420 680 4458; x_wconf 76' lang='grc' dir='ltr'>ι</span> <span class='ocrx_word' id='word_1_368' title='bbox 723 4416 803 4474; x_wconf 65' lang='lat' dir='ltr'>A.</span> <span class='ocrx_word' id='word_1_369' title='bbox 845 4404 1142 4464; x_wconf 54' lang='lat' dir='ltr'>chaat.-</span> 
     </span>
    </p>
   </div>
   <div class='ocr_carea' id='block_1_7' title="bbox 2799 4484 3205 4590">
    <p class='ocr_par' dir='ltr' id='par_1_9' title="bbox 2799 4484 3205 4590">
     <span class='ocr_line' id='line_1_45' title="bbox 2799 4484 3205 4590; baseline 0.015 -32"><span class='ocrx_word' id='word_1_370' title='bbox 2799 4484 2822 4521; x_wconf 80' lang='lat'>⁸</span> <span class='ocrx_word' id='word_1_371' title='bbox 2854 4484 3094 4564; x_wconf 82' lang='lat' dir='ltr'>Gram-</span> <span class='ocrx_word' id='word_1_372' title='bbox 3195 4581 3205 4590; x_wconf 25' lang='grc' dir='ltr'>Ο</span> 
     </span>
    </p>
   </div>
  </div>
 </body>
</html>
