3419 4849
1037 337 2216 438 PRAEFATIO.
2703 376 2876 439 111

310 518 527 606 Heu.
562 514 943 601 Loritus
989 509 1453 595 Glareanus
1488 534 1590 591 ex
1613 527 1822 623 pago
1847 509 2205 593 Glarona
2232 505 2888 618 Helvetius,poe-

319 639 510 720 tices
551 627 662 722 ὰ
701 625 1039 734 maſsces
1080 621 1358 707 cultor.
1470 620 1641 703 Hic
1702 621 2000 703 Erasmi
2024 672 2051 714 ‚
2092 622 2312 729 cujus
2350 620 2891 728 consuetudine

325 746 726 833 utebatur,
787 735 1189 842 aemulus,
1251 735 1594 845 ingentis
1632 731 2052 837 industriae
2080 732 2299 842 fuit,
2356 724 2448 821 ὠ
2493 733 2890 815 duodecim

336 859 445 942 L.
484 855 691 938 Lat.
727 851 1149 934 Auctores
1184 846 1753 928 commentariis
1793 845 2037 927 mixti
2071 846 2385 956 generis
2429 842 2886 948 illustravit.

345 967 596 1051 Haud
626 989 808 1074 ergo
852 957 1336 1048 mirandum,
1336 954 1419 1060 si
1441 956 1832 1065 ingenium
1869 954 2090 1054 illud,
2109 954 2315 1066 quod
2343 956 2428 1034 in
2455 969 2579 1035 tot
2600 979 2693 1032 ac
2713 973 2881 1036 tam

350 1077 661 1185 diversa
703 1072 1205 1182 scriptorum
1245 1091 1534 1178 genera
1572 1065 1672 1166 se
1730 1063 2189 1172 diffuderat,
2246 1067 2501 1147 minus
2554 1067 2883 1175 integris

361 1188 660 1274 viribus
723 1183 835 1266 ad
911 1180 1403 1284 Historicum
1459 1176 1792 1282 nostrum
1849 1174 2104 1283 acceff
2087 1178 2261 1258 erit.
2389 1173 2883 1281 Pradertim

379 1328 547 1383 cum
576 1319 807 1408 neque
814 1288 1175 1402 subsidia
1197 1308 1344 1401 pro
1381 1288 1680 1399 ingenii
1713 1285 1976 1397 opibus
1994 1289 2271 1370 nat‘t'us
2283 1285 2576 1397 fuerit,
2617 1312 2710 1381 ne
2765 1311 2884 1377 ue,

357 1427 662 1524 praeter
675 1405 1250 1495 Enarratores‚
1288 1426 1476 1512 quos
1514 1397 1893 1491 diximus,
1930 1400 2273 1510 exceptis
2316 1396 2506 1491 Aldi
2550 1390 2648 1487 ὅγ’
2739 1397 2883 1479 uui

366 1519 631 1607 Gothi
682 1514 1120 1606 codicibus,
1181 1515 1601 1704 quicquam
1655 1514 1741 1592 in
1798 1511 1917 1591 rei
1973 1510 2376 1617 discrimen
2435 1508 2882 1591 adduxerit.

365 1630 702 1719 Accedit
725 1681 755 1723 2
793 1624 1018 1742 quod
1059 1629 1148 1708 in
1238 1647 1336 1704 ac
1357 1624 1781 1731 provincia
1803 1640 2090 1730 parum
2125 1620 2261 1702 diu
2299 1637 2668 1711 moratus,
2709 1644 2883 1701 cum

357 1747 509 1853 sua
551 1742 914 1852 religione
923 1735 1614 1844 sessLeetoremque
1641 1731 1954 1841 frustra
1990 1746 2301 1843 torquet
2323 1781 2347 1820 ,
2383 1728 2615 1839 falfis
2658 1728 2883 1811 nodis

366 1851 892 1940 inveniendis,
935 1872 1172 1962 quam
1205 1848 1423 1928 veris
1439 1844 1851 1950 solvendis
1887 1845 2024 1926 vir
2061 1842 2348 1925 melior.
2467 1837 2885 1922 Neminem

345 1968 523 2080 fere
533 1987 684 2075 pro
699 1963 861 2068 sua
878 1959 1292 2067 sententia
1330 1956 1536 2039 citat
1563 1999 1583 2051 ς
1602 1954 1760 2060 fi’d
1787 1979 1890 2037 ex
1937 1955 2314 2038 orationis
2324 1951 2719 2065 junctura
2755 1969 2887 2031 at-

371 2106 511 2192 que
523 2078 767 2185 serie,
824 2088 971 2154 aut
1011 2069 1199 2153 locis
1236 2073 1443 2152 inter
1459 2065 1552 2168 fi'
1586 2068 2052 2177 comparatis
2097 2082 2323 2148 acute
2345 2115 2372 2155 ,
2428 2087 2569 2144 nec
2587 2061 2888 2169 semper

364 2215 568 2290 vere,
587 2198 1213 2298 argumentatur.
1270 2177 1688 2264 Lectiones
1721 2176 2172 2291 quandoque
2199 2176 2583 2287 genuinas
2610 2171 2701 2254 ob
2732 2199 2885 2255 non

369 2298 548 2382 bene
582 2311 1043 2408 perceptam
1098 2291 1204 2373 L.
1244 2288 1608 2401 Linguae
1664 2288 1995 2372 indolem
2009 2287 2388 2371 ‘Auctore‘
2420 2330 2423 2332 v
2450 2281 2880 2394 abjudicat.

371 2411 701 2497 Prodiit
738 2407 984 2489 editio
1024 2403 1220 2514 ejus,
1278 2403 1363 2482 in
1399 2427 1553 2513 qua
1580 2415 1892 2511 praeter
1937 2397 2124 2509 Jug.
2165 2391 2261 2489 ὠ
2306 2396 2550 2479 Catil.
2593 2393 2882 2477 haben-

373 2541 497 2606 tur
556 2525 801 2604 etiam
850 2517 1276 2598 Orationes
1328 2510 1828 2619 adversariae
1849 2574 1871 2611 ,
1928 2507 2154 2591 Bafil.
2223 2506 2437 2621 apud
2487 2505 2884 2590 Cratand.

372 2661 589 2717 mam
631 2654 1003 2716 xxxvm.
1115 2621 1416 2705 Eodem
1468 2638 1797 2733 tempore
1852 2618 2289 2703 melioribus
2344 2615 2708 2728 auspiciis
2772 2615 2888 2698 ad

372 2745 570 2829 idem
603 2762 795 2853 opus
816 2751 1154 2847 paratus
1190 2758 1286 2821 ac:
1321 2733 1747 2834 meditatus
1780 2727 2078 2835 accfft
2103 2727 2346 2839 Joan.
2385 2726 2681 2812 Rivius
2716 2730 2885 2809 At·
2960 2754 2966 2760 ·

374 2854 732 2939 theudori
769 2864 1037 2939 natus,
1077 2848 1216 2958 qui
1258 2842 1619 2926 Misenae
1640 2838 2406 2924 Hermundurorum
2442 2836 2620 2921 ludo
2656 2839 2875 2921 litte·

375 2970 580 3049 rario
602 2958 988 3076 praefuit.
1105 2953 1316 3039 Eum
1351 2977 1449 3035 ex
1489 2951 1649 3044 his,
1697 2977 1893 3065 quae
1923 2967 2151 3034 acute
2153 2951 2422 3064 juxta
2461 2965 2699 3061 atque
2734 2948 2882 3030 ele-

356 3096 649 3191 ganter
688 3078 779 3157 in
813 3064 1281 3165 Sallustium,
1321 3061 1666 3168 absoluto
1703 3063 2131 3156 TerentiO,
2181 3057 2706 3150 elucubravit,
2750 3063 2887 3141 vi-

377 3215 547 3272 rum
561 3182 799 3296 fuiffe
819 3172 1367 3324 graviffimum
1380 3173 1643 3281 facile
1679 3174 2112 3285 comperior.
2202 3171 2532 3253 Primus
2563 3169 2701 3252 ille
2735 3170 2876 3253 In-

377 3313 792 3413 terpretum
814 3325 967 3374 ωπι
993 3272 1487 3385 mathyam
1505 3280 1814 3386 habuit,
1839 3306 2080 3398 neque
2114 3284 2358 3364 animi
2373 3280 2606 3388 secus
2646 3304 2882 3394 quam

374 3416 675 3495 aurium
682 3403 1092 3520 judicium
1125 3401 1210 3480 in
1238 3396 1565 3506 scriptis
1603 3395 1951 3500 ostendit.
2063 3391 2475 3499 Testantur
2526 3391 2672 3475 hoc
2687 3393 2881 3501 st’n·

374 3525 672 3607 tentiae
717 3533 958 3599 antea
1008 3508 1203 3592 male
1254 3523 1643 3600 tornatae,
1700 3500 1801 3598 &
1830 3506 2001 3614 sine
2057 3522 2230 3587 arte
2267 3503 2632 3607 fluentes,
2684 3530 2881 3616 quas

371 3650 671 3718 novato
711 3625 1120 3710 verborum
1173 3617 1458 3715 ordine,
1512 3618 1796 3725 incffi's,
1843 3611 2340 3729 membrisque
2378 3620 2882 3725 permutatis,

348 3744 714 3860 pristinis
752 3758 1233 3822 numerorum
1269 3729 1558 3842 legibus
1594 3728 1893 3812 obedire
1926 3731 2195 3841 coegit.
2249 3726 2354 3811 In
2370 3723 2883 3809 Orationibus

1378 3844 1603 3924 tavit
1643 3839 1779 3923 ille
1811 3838 2218 3923 verborum
2251 3863 2529 3939 moras,
2586 3831 2683 3929 ὁ»
2701 3864 2883 3923 ωηο
2935 3917 2939 3919 ,

1377 3971 1636 4035 >torem
1674 3951 1829 4059 fica
1883 3947 2382 4034 volubilitate
2436 3947 2877 4035 redonavit.

1377 4062 1815 4147 10nasterio
1855 4060 2564 4146 Benedifflnorum
2605 4063 2885 4149 nactus

1377 4201 1475 4257 rae
1528 4179 1757 4260 notae
1776 4224 1804 4268 ‚
1842 4199 1943 4256 ex
1979 4175 2294 4257 vicinae
2331 4175 2705 4256 civitatis
2742 4201 2883 4256 no-
2953 4246 2957 4251 .

1411 4303 1651 4372 vocat
1668 4316 1695 4369 .·
1751 4285 2089 4370 alterum
2122 4310 2309 4370 vero
2327 4288 2728 4397 potiorem,
2771 4282 2873 4375 ἐν

1540 4441 1554 4447 -
1808 4398 1862 4480 b
1919 4420 1974 4477 ι.
2269 4434 2272 4437 ⁴
2675 4397 2902 4515 cujus
