3419 4849
1134 339 2339 432 PRAEFATIO.
2774 375 2959 444 vn

381 511 635 623 Janus
695 505 1036 589 Douza
1064 565 1088 601 ,
1167 520 1340 586 tum
1407 499 1815 586 admodum
1860 503 2230 614 juvenis.
2344 505 2621 591 Multa
2677 503 2779 601 ἕν’
2830 512 2963 595 ille

396 623 553 705 loco
589 645 752 703 non
765 617 938 724 suo
959 612 1256 726 posita,
1309 612 1474 695 alia
1499 634 1871 725 perquam
1909 611 2252 721 obscura,
2286 617 2627 731 solisque
2637 624 2955 730 juvan-

395 732 499 817 da
534 731 1040 846 conjeHuris
1108 729 1201 809 in
1235 728 1621 837 integrum
1672 725 2034 832 nstituit.
2140 727 2555 840 Qaedam
2576 783 2601 827 ,
2658 738 2964 820 ratione

398 847 762 958 temporis
806 855 1202 923 accurate
1237 836 1550 929 habita,
1589 841 1852 946 aptius
1888 837 2211 952 dtgfft,
2236 835 2337 928 ὁ·
2371 840 2773 928 additione
2805 847 2959 932 ali-

551 975 590 1038 t
628 952 713 1037 F
705 967 1303 1066 ragmentorum
1338 949 1737 1056 Historiae
1776 949 2180 1034 Romanae
2215 948 2426 1058 fines
2460 955 2940 1064 prolatavit.

406 983 815 1176 ffistolas
860 1062 1199 1169 Caesari
1213 1062 1596 1174 firtptas,
1631 1060 1729 1144 de
1753 1087 2080 1174 quarum
2097 1065 2444 1147 Auctore
2481 1091 2656 1149 cum
2675 1068 2950 1177 pleris-

413 1204 555 1291 que
594 1174 1013 1259 dubitarat
1045 1173 1381 1267 Carri0,
1400 1171 1762 1276 Sallustio
1795 1172 2130 1280 affiruit.
2187 1175 2291 1258 In
2326 1179 2538 1259 notis
2572 1200 2949 1290 apparate

425 1288 679 1399 saliis
706 1335 733 1377 ,
786 1304 1068 1369 acutus
1104 1325 1138 1379 ,-
1197 1281 1289 1365 ob
1322 1287 1659 1394 inopiam
1692 1281 2062 1368 librorum
2100 1284 2542 1370 hariolatur
2561 1339 2586 1382 ,
2656 1291 2905 1374 lenoci
2917 1336 2944 1355 ·

435 1416 668 1481 nante
712 1398 1171 1514 conjectura
1225 1394 1673 1508 quandoque
1721 1400 1808 1478 in
1843 1415 2196 1507 pravum
2246 1397 2718 1505 abstractu53
2792 1430 2947 1488 non

411 1528 673 1594 tamen
726 1514 815 1590 in
866 1505 1226 1590 omnibus
1259 1505 1569 1618 frustra
1620 1505 1744 1613 est.
1856 1507 1962 1599 In
2016 1509 2468 1620 explicando
2504 1512 2759 1621 felix,
2851 1516 2954 1600 ed

412 1619 753 1731 diffufior
775 1661 802 1715 ς
860 1618 1240 1702 nonnulla
1268 1645 1375 1701 ex
1416 1617 1743 1701 Graecis
1778 1618 2134 1711 adducit,
2172 1620 2435 1702 verbis
2469 1642 2724 1707 autem
2793 1632 2944 1727 uis,

418 1730 620 1815 unde
679 1728 1146 1840 Sallustiani
1197 1726 1601 1842 naufragii
1673 1729 1987 1813 tabulae
2044 1729 2372 1813 multum
2428 1732 2941 1840 illustrantur.

416 1842 708 1927 Eodem
762 1861 1108 1954 tempore
1152 1837 1410 1952 Janus
1462 1840 1853 1925 Mellerus
1910 1841 2393 1943 Palmerius‚
2483 1871 2581 1925 ex
2650 1844 2938 1954 Nostro

414 1956 785 2068 quaedam
820 1951 1509 2066 carptim'st’left'a,
1570 1956 1659 2037 in
1693 1950 2134 2063 Spicilegio
2166 1954 2319 2061 suo
2358 1950 2471 2063 (st
2500 1958 2624 2037 ita
2657 1956 2939 2042 librum

413 2072 883 2149 nominemus
908 2117 934 2157 ,
1013 2065 1237 2178 cujus
1298 2063 1605 2148 Aulioi·
1673 2079 1850 2145 tam
1907 2063 2141 2173 saepe
2188 2064 2501 2175 falcem
2568 2069 2652 2148 in
2746 2073 2935 2177 mef-

391 2176 562 2279 sem
614 2178 968 2261 alienam
1025 2172 1476 2283 immiserit)
1521 2172 1997 2259 emendanda
2016 2175 2241 2279 susce
2288 2182 2385 2261 it.
2489 2179 2683 2262 Cum
2728 2182 2937 2264 codi-

408 2314 578 2380 ces,
695 2317 838 2372 uos
855 2287 1097 2412 sequi
1124 2300 1491 2397 poterat,
1544 2198 2607 2384 habueritsTholsssanum,
2670 2288 2935 2377 Berti‘-

411 2401 598 2483 nien
640 2428 769 2484 em
793 2451 822 2492 ,
893 2395 1554 2507 S1geburgensem
1578 2439 1618 2494 ⁵
1668 2395 1916 2481 adhoc
1958 2395 2236 2482 Modii
2262 2449 2289 2493 ,
2347 2401 2714 2504 Brunnii,
2753 2403 2929 2488 Sta-

412 2513 631 2603 naei,
692 2516 799 2602 ό·
860 2505 1438 2617 Fragmentum
1481 2507 2016 2592 Coloniense:
2077 2510 2447 2596 indomito
2511 2513 2935 2622 &feroci-

405 2625 574 2704 enti
619 2621 939 2731 ingenio
975 2620 1437 2731 permittere
1475 2623 1732 2700 omnia
1771 2617 2075 2701 maluit.
2190 2621 2369 2723 Ter,
2422 2623 2564 2705 vel
2589 2625 2932 2731 adstam-

366 2759 611 2815 rnum
646 2750 960 2846 quater,
996 2730 1092 2811 de
1129 2728 1479 2812 AuHore
1511 2728 1694 2813 bene
1729 2733 2052 2813 meritus
2087 2730 2237 2839 est,
2282 2737 2370 2814 in
2408 2739 2766 2829 caeteris,
2778 2738 2941 2845 fed

407 2850 810 2934 acerrime,
847 2840 1007 2952 sed
1037 2838 1557 2944 Latiniffime,
1599 2858 1961 2953 nugatur.

515 2951 960 3041 Proximus
979 2967 1264 3053 autem,
1281 2955 1408 3032 cui
1421 2953 1881 3035 Correttura
1898 2952 2701 3060 Sallustiana,DoHis
2721 2956 2938 3070 quasi

379 3090 532 3181 per
571 3091 852 3149 manus
893 3062 1232 3155 tradita,
1286 3062 1600 3174 obtigit,
1662 3061 1726 3143 F
1733 3063 1995 3171 plvius
2032 3085 2204 3148 erat
2252 3066 2622 3160 UrfinuS,
2643 3075 2923 3180 patria

331 3267 342 3276 ,
404 3182 855 3268 Romanus,
918 3167 1017 3266 ό
1088 3199 1188 3255 ex
1248 3174 1492 3258 Alex.
1554 3171 1892 3281 Farnefii
1929 3174 2379 3258 Cardinalis
2417 3179 2919 3286 Domesticis.

399 3290 567 3375 Sed
591 3289 754 3381 ille,
807 3288 1182 3401 quamvis
1220 3286 1307 3368 in
1349 3282 1494 3366 hoc
1528 3286 1973 3368 litterarum
2002 3314 2281 3398 genere
2318 3294 2659 3401 egregius
2696 3290 2919 3373 homo

363 3402 644 3515 foret,
704 3405 795 3482 in
831 3399 1177 3508 Antiqq.
1219 3422 1453 3508 quam
1491 3396 1926 3481 Locutione
1961 3403 2292 3513 antiqua
2325 3400 2503 3510 plus
2544 3401 2863 3485 viderat
2885 3445 2917 3497 ‚-
3026 3430 3035 3438 ’

383 3537 538 3598 uno
594 3515 922 3597 interim
971 3512 1228 3591 codice
1275 3508 1689 3600 Romano,
1745 3536 1972 3620 eoque
2027 3537 2176 3593 non
2234 3512 2590 3622 inslgnite
2628 3519 2915 3622 optimo

383 3631 632 3711 nixus
660 3630 802 3732 (ut
821 3622 1346 3705 Ciacconiana
1377 3645 1574 3732 quae
1596 3621 1778 3729 *suis
1813 3622 2338 3735 interspargit,
2363 3650 2453 3702 ne
2472 3628 2911 3733 memorem)
2976 3669 2979 3670 f

387 3765 488 3820 ex
527 3738 912 3828 Gemmis,
953 3730 1615 3837 Numismatibus,
1659 3734 1759 3821 ὁ·
1799 3732 2440 3845 Inscriptionibus
2477 3732 2701 3816 haud
2730 3762 2906 3817 con-

387 3849 801 3933 temnenda
825 3844 1199 3960 protulit.
1308 3843 1616 3925 Paucis
1647 3842 1972 3957 denique
2008 3845 2417 3953 restitutis,
2454 3849 2538 3928 in
2575 3852 2916 3953 caeteris,

405 3962 622 4041 aliter
633 3961 949 4071 sentire
1005 3954 1208 4039 mihi
1263 3953 1601 4036 videtur.
1683 3954 2129 4039 Sallustium
2168 3958 2388 4039 dedit
2446 3985 2691 4057 cmo
2731 3989 2902 4043 xcv.

385 4070 648 4155 Haud
676 4077 796 4157 ita
833 4066 1096 4157 multo
1121 4065 1310 4177 post,
1336 4066 1634 4149 Christ.
1660 4066 2037 4160 Com-us,
2059 4073 2143 4152 in
2165 4067 2603 4153 Franconia
2643 4091 2907 4162 natus,

373 4182 743 4296 quaedam
799 4213 888 4268 eo
921 4180 1382 4293 speetantia
1419 4176 1782 4273 molitus,
1837 4205 2032 4290 quae
2069 4181 2333 4293 qualia
2362 4182 2581 4292 sunt,
2636 4181 2910 4264 dicant

378 4296 501 4380 illi
536 4301 668 4411 qui
701 4298 1084 4387 viderint
1103 4332 1140 4391 5
1196 4287 1388 4374 mihi
1422 4292 1739 4376 interim
1766 4287 1992 4401 fama
2029 4311 2266 4405 atque
2300 4293 2697 4378 auditione
2718 4315 2916 4371 com-

2604 4419 2918 4512 pertum
2994 4460 3008 4478 ι
