3419 4849
367 237 799 325 Com-Ra
860 238 1272 326 Lucum.
1320 237 1791 336 Sancum·
1835 237 2467 328 Garamam:
2604 255 2790 352 167·

231 371 646 452 ,miserabilis
671 371 986 454 universae
1026 370 1343 456 civitatis.
1449 377 1623 462 Qae
1667 368 1716 442 fi
1754 370 1973 454 vobis,
2006 392 2099 452 ut
2133 371 2305 457 sunt,
2356 374 2627 473 indigna
2655 400 2776 450 at-·

250 491 381 561 que
407 468 848 539 intolerabilia
887 465 1221 551 videntur,
1271 491 1404 538 non
1448 467 1760 561 iniquum
1801 469 1951 551 erit,
1993 472 2524 548 autoreshorum
2542 478 2757 548 malo-

231 588 394 654 :mm
434 564 715 644 multare
761 564 1116 635 teterrimis
1156 563 1524 660 suppliciis,
1585 561 1974 659 clademque
2021 567 2328 647 omnium
2393 569 2757 650 crudelissi-

241 685 422 731 mam
463 684 503 730 e
544 660 905 733 visceribus
950 661 1151 756 Reip.
1206 660 1597 757 propulsare.
1694 663 2009 742 Tenetis
2038 665 2335 759 exempla
2395 663 2751 754 majorum,

232 778 446 852 atque
481 758 792 829 omnium
824 755 1127 851 gentium
1165 758 1611 840 autoritatem,
1663 759 1785 852 qui
1825 762 2070 853 semper
2099 758 2379 836 summas,
2424 769 2490 832 δι
2533 761 2757 858 fingu-

213 855 404 928 lares
468 875 694 948 poenas
748 854 814 924 in
860 876 942 921 eo
979 873 1212 945 genere
1253 851 1605 928 hominum
1650 854 2122 944 consumendas
2157 858 2750 951 esse‚putaverunt,

211 950 364 1045 qui
396 951 682 1026 rationes
725 946 1094 1028 habuissent
1135 970 1248 1021 aut
1295 946 1647 1046 prodendae
1671 952 1920 1045 patriae‚
1956 971 2082 1031 ‚aut
2100 952 2555 1051 opprimendae
2577 955 2751 1050 pub-

217 1045 762 1126 licaelibertan's.
865 1043 1068 1116 Nihil
1124 1070 1139 1100 ¹
1167 1047 1383 1154 igitur
1426 1047 1553 1118 erit
1591 1045 2141 1142 impedimento„
2188 1049 2355 1144 quin
2403 1048 2776 1131 audaciam·

222 1140 679 1216 crudeliffimi
735 1140 1026 1212 hominis
1077 1143 1418 1226 Catilinae,
1482 1138 1931 1216 crudelislimo
1972 1166 2205 1239 genere
2267 1141 2748 1241 suppliciorum

220 1239 577 1335 expietis:
630 1252 664 1284 ²
696 1244 761 1310 ἃ
785 1240 1110 1311 ultionem
1131 1263 1217 1311 ex
1251 1241 1524 1312 illorum
1555 1240 1962 1312 cruciatibus
2019 1263 2091 1312 ac
2117 1241 2329 1335 poenis
2350 1243 2559 1338 capiat
2579 1245 2745 1318 Ress

217 1339 405 1434 pub.
452 1359 749 1429 quorum
784 1353 918 1406 erat
964 1333 1176 1406 confla
1228 1356 1440 1410 ratura
1478 1337 1824 1419 manibus,
1875 1333 1998 1406 nifi
2056 1333 2431 1412 sancliffimi
2486 1338 2749 1433 imperii

209 1433 540 1604 Rha-mani
585 1429 891 1505 custodes
929 1453 1002 1502 ac
1039 1432 1110 1503 vi
1208 1433 1342 1504 ices
1370 1432 1502 1505 Dii
1539 1433 1944 1506 immortales
1979 1429 2248 1506 nefariis
2280 1471 2299 1482 ··
2319 1433 2500 1506 votis
2540 1431 2783 1510 obsti·-

205 1552 280 1608 u
341 1548 494 1601 ent.
675 1599 682 1608 ,
721 1569 726 1570 f
1059 1571 1064 1576 -
1414 1569 1420 1576 ·
1607 1591 1612 1600 .
1654 1601 1660 1614 ,
1956 1597 1963 1602 ,
2382 1568 2389 1576 ·

289 1629 672 1730 „xxva
724 1621 1033 1708 Credite,
1079 1623 1382 1728 Judices,
1411 1623 1758 1700 hodierno
1794 1623 1909 1698 die
1946 1626 2417 1702 consurrexisse
2477 1627 2782 1701 univer--

221 1726 360 1797 sam
409 1722 651 1796 urbem
690 1722 1185 1818 conspecturam
1228 1719 1616 1808 exjudicio
1655 1718 1895 1806 vestro,
1965 1725 2287 1818 planeque
2340 1722 2781 1796 animadver-¹

227 1821 455 1894 suram
497 1815 668 1913 quid
722 1821 791 1888 in
817 1814 1148 1911 posterum
1182 1814 1266 1889 de
1297 1819 1498 1892 salute
1539 1819 1671 1898 sua,
1724 1815 1942 1914 deque
1992 1818 2417 1892 facultatibus
2454 1821 2583 1894 suis
2604 1819 2754 1916 spe-

215 1915 517 1992 randum
570 1912 676 1987 lit.
776 1910 1054 1986 Credite
1104 1916 1269 1985 item
1323 1915 1465 1984 vim
1523 1914 1891 1988 universam
1949 1912 2295 2012 flagitiosae
2349 1913 2787 2002 juventutis„

222 2035 356 2087 aut
401 2007 729 2084 hodierno
765 2011 1075 2084 Catilinae
1118 2009 1446 2105 supplicio
1488 2007 1678 2084 simul
1713 2007 2196 2085 conficiendam
2233 2009 2407 2093 fore,
2440 2031 2568 2082 aut
2608 2010 2786 2081 illi-

221 2107 744 2184 tis-liberatione
783 2107 995 2180 laet‘am
1021 2125 1226 2201 atque
1266 2106 1715 2187 exultantem,⁸
1749 2130 1901 2179 non.
1932 2109 2153 2179 multo
2190 2102 2348 2203 post
2413 2107 2784 2180 in.omni-·

215 2231 341 2282 mn
397 2201 711 2275 nostrum
763 2205 1125 2297 perniciem
1182 2225 1310 2273 una
1368 2224 1522 2274 cum
1574 2203 1698 2274 illo
1760 2204 2098 2278 celerrime
2156 2204 2739 2276 consurrecturam.

211 2303 502 2401 Agitur
561 2297 908 2394 fiquidem'
971 2295 1292 2370 hodierna
1347 2294 1574 2370 vestra‘
1611 2299 1926 2371 sententia
1968 2297 2052 2369 de
2117 2300 2316 2373 salute
2354 2298 2560 2388 hujus
2595 2303 2748 2396 pul-

199 2398 602 2480 cherrimae,
652 2415 851 2490 atque
889 2394 1162 2490 optimae
1202 2393 1532 2475 civitatis,
1582 2390 1665 2464 de
1712 2390 2064 2467 stabilitate
2105 2395 2370 2491 imperii
2401 2396 2788 2481 Romani,-

197 2497 286 2571 de
336 2500 593 2590 legum
632 2492 1121 2573 incolumitate,
1168 2487 1255 2561 de
1295 2492 1601 2561 libertate
1652 2490 1951 2574 civium,
2001 2489 2086 2561 de
2128 2490 2458 2587 pudicitia
2496 2493 2747 2565 libero-

194 2619 356 2669 rum
382 2616 469 2665 ac
495 2586 870 2685 conjugum
913 2587 1294 2678 vestrarum.
1392 2584 1816 2673 Hujusenim
1857 2584 2053 2683 pestis
2100 2602 2126 2653 3
2161 2583 2340 2658 idem
2359 2588 2739 2669 secluserat,

197 2714 282 2769 ut
315 2700 474 2765 non
521 2683 954 2782 graffaturum
983 2706 1120 2778 ,per
1168 2682 1382 2778 capita
1433 2704 1795 2778 paucorum
1821 2733 1842 2763 ,
1910 2678 2019 2754 sed
2061 2702 2375 2777 tanquam
2417 2682 2784 2759 atrocislip·

200 2814 314 2861 ma
340 2787 458 2858 vis
496 2783 739 2853 veneni
780 2802 895 2877 per
929 2803 1126 2850 omne
1168 2801 1409 2874 corpus
1458 2780 1674 2850 Urbis
1713 2775 2237 2851 demanaturum.
2345 2777 2561 2867 Quod
2603 2779 2746 2850 sce-

202 2887 334 2967 lus,
393 2898 528 2953 aut
570 2902 777 2971 quam
818 2872 1063 2970 pestem
1107 2872 1157 2946 fi
1211 2871 1690 2961 vindicandum
1730 2869 1857 2946 effe
1899 2876 2274 2956 censebitis,
2323 2893 2400 2947 ut
2441 2898 2611 2958 reor,
2670 2881 2738 2944 &

205 2979 540 3074 Respub.
589 2969 933 3056 defiderat,
983 2989 1209 3069 putate
1251 2971 1556 3066 profefto
1613 2976 1810 3043 Deos
1867 2971 2318 3051 immortales,
2370 2978 2437 3041 &
2489 2972 2557 3041 in
2610 2972 2792 3066 pri--

201 3080 346 3148 mis
378 3070 862 3167 Capitolinum
899 3072 1140 3168 Jovem
1187 3068 1652 3162 sempiternum
1690 3063 2057 3148 custodem,
2108 3092 2181 3138 ac
2225 3062 2565 3137 vindicem
2613 3071 2741 3136 liu-

207 3170 330 3259 jus
349 3167 655 3262 imperii,
680 3190 800 3262 pro
820 3166 1115 3237 liberatis
1144 3187 1376 3236 eorum
1426 3164 1711 3259 templis,
1761 3188 1835 3235 ac
1877 3163 2297 3242 ceremoniis,
2345 3163 2578 3254 gratias
2619 3184 2746 3232 vo·

212 3267 339 3336 bis
380 3260 794 3356 amplissimas
842 3257 967 3333 effe
1003 3256 1419 3335 reddituros:
1471 3276 1698 3357 putate
1744 3260 1985 3354 pariter
2014 3258 2197 3330 idem
2259 3255 2573 3331 saCIuram
2615 3256 2791 3333 else·

216 3360 501 3434 curiam
536 3380 656 3453 pro
690 3356 941 3431 defensa
973 3360 1319 3429 consulum
1357 3357 1519 3436 vita,
1576 3358 1807 3427 servata
1863 3378 1946 3426 ue
1975 3354 2741 3448 Senatoriiordinisdig-
2786 3398 2791 3401 -

216 3458 454 3529 nitate
478 3482 497 3526 e
551 3472 766 3548 putate
794 3474 1119 3527 matronas
1141 3454 1455 3533 Urbis,ac
1479 3452 1724 3523 liberos
1742 3475 1829 3521 no
1890 3474 1994 3520 ros
2021 3452 2114 3522 ob
2141 3451 2447 3523 servatam
2473 3449 2743 3544 pudici-

219 3557 433 3633 tiam,
456 3552 771 3646 supplices
789 3577 863 3623 ac
881 3551 1404 3645 congratulantes
1420 3550 1751 3619 universos
1772 3543 1852 3617 ad
1868 3570 2080 3640 genua
2101 3544 2326 3619 vestrae
2344 3549 2464 3618 sese
2499 3549 2747 3617 obver-
2783 3585 2796 3596 ·

203 3653 487 3726 saturos
519 3648 706 3720 fore:
762 3667 989 3743 putate
1021 3647 1123 3718 vir
1170 3647 1306 3717 ines
1331 3641 1642 3725 vestales,
1709 3663 1919 3737 atque.
1957 3646 2161 3739 ipsam
2177 3638 2576 3725 majestatem
2601 3666 2743 3713 am·-
2786 3684 2795 3691 -

203 3744 512 3845 pliffimi
535 3747 859 3827 numinis,
907 3756 952 3815 ⁴,
972 3742 1127 3812 obli
1180 3744 1543 3817 erationem
1580 3744 1778 3821 suam,
1814 3740 2070 3811 summa
2093 3739 2289 3811 vobis
2323 3738 2552 3813 laetitia
2575 3760 2745 3811 con·-
2784 3780 2791 3783 -

332 3844 740 3915 tulaturam=
799 3858 1026 3936 putate
1063 3834 1362 3931 denique
1391 3837 1580 3911 cives
1606 3857 1860 3933 omnes,
1911 3837 2005 3905 ob
2039 3855 2375 3905 retentam,
2398 3836 2629 3912 vitam,
2664 3856 2740 3907 ac

241 3940 602 4012 ibertatem
651 3942 858 4019 suam,
915 3952 1178 4029 penates
1217 3934 1521 4026 publicos
1559 3954 1684 4027 pro
1709 3933 2105 4002 conservatis
2126 3931 2322 4009 focis,
2373 3947 2573 4022 atque
2590 3930 2741 4009 aris,
2784 3984 2793 3995 ,

201 4036 510 4147 parietes
555 4035 780 4108 Urbis
823 4055 943 4127 pro
986 4030 1330 4100 teterrimo
1395 4051 1629 4127 genere
1685 4024 2003 4097 vastitatis
2061 4027 2441 4124 propulsato
2466 4053 2494 4107 ,ε
2534 4022 2743 4094 ferme

193 4129 617 4208 incredibili
674 4126 930 4226 gaudio
984 4126 1430 4207 exulaturos:
1528 4122 1753 4219 putate
1795 4120 2060 4201 tandem
2099 4119 2433 4201 hodierno
2474 4117 2741 4206 judicio
2789 4162 2796 4172 -

293 4334 319 4371 ⁸
372 4304 568 4381 Nihil]
594 4276 888 4370 Deest-G*
953 4304 1370 4382 ,af-dvm·
1415 4266 1785 4391 &lkdi'llss
1858 4322 1907 4376 4
1927 4261 2388 4391 oblibaeraerfjssad.
2406 4266 2749 4440 Bssins‘rpxtgi

281 4418 292 4423 ·
405 4410 610 4451 f...
835 4412 898 4435 ··
2453 4395 2675 4471 parau
2794 4399 2803 4421 ’-
