3419 4849
774 224 930 303 160
1051 217 1490 305 Poucu
1547 216 3019 344 LaruoutsDze-Laaaatto
3118 227 3125 235 '

765 349 985 419 versos
1025 348 1205 422 cives
1273 346 1357 421 ad
1415 350 1774 446 perniciem
1819 346 2037 433 ferro,
2103 346 2492 441 flammaque
2528 341 2914 416 devocantem
2929 345 3137 442 impune

769 440 1146 536 perferetis3
1199 449 1390 547 Jacet
1438 445 1646 517 homo
1683 442 2039 540 prostratus
2058 463 2302 515 eventu
2332 442 3135 514 maximarummolitionumz

767 557 844 607 ut
887 541 1009 632 qui
1048 559 1316 611 conatus
1358 543 1507 614 suos
1542 541 1940 612 conscientia
1994 537 2197 611 vestra
2242 536 2591 633 patefactos
2640 555 2822 629 atque
2871 533 3140 607 illustratos

765 654 1008 717 cernat,
1057 659 1274 731 neque
1292 656 1646 708 contentos
1663 635 1879 717 fuisse,
1934 638 2045 708 seu
2068 632 2519 730 superstitione
2557 632 2800 702 cruenti
2831 630 3138 713 sacramenti,

767 729 881 799 seu
911 732 1195 801 tenebris
1231 734 1593 814 nocturnis»,
1646 735 1758 804 seu
1800 729 2160 803 solitudine
2202 733 2504 801 locorum
2553 728 2819 797 maxima
2852 731 2907 793 δι
2941 723 3143 821 singula-

766 825 851 897 ri.
945 824 1365 898 Contundite
1406 829 1640 923 igitur,
1689 824 2110 908 contundite,
2157 822 2459 927 Judices,
2506 847 2703 918 genus
2737 814 2894 891 istud
2929 819 3139 892 inauditi

764 918 1050 992 suroris:
1100 924 1519 1017 comprimite
1547 921 1890 995 hominem
1934 918 2323 1017 gestientem
2351 920 2675 993 effraenata
2711 916 3043 997 temeritate,
3068 917 3144 987 fla·

761 1036 1054 1111 grantem
1091 1016 1417 1089 inusitatis
1463 1016 1972 1114 cupiditatibus,
2022 1015 2351 1088 furentem
2392 1012 2761 1086 incredibili
2800 1010 3143 1107 superbia‚spe

769 1107 1219 1184 novandarum
1267 1138 1483 1186 rerum
1526 1116 1917 1185 mirabiliter
1960 1112 2486 1183 inflammatum:
2555 1109 2895 1204 quinetiam
2930 1131 3038 1177 rem
3074 1110 3147 1202 ip-

764 1208 894 1277 sam
935 1208 1272 1302 publicam
1311 1235 1444 1281 non
1467 1207 1675 1280 modo
1725 1229 1969 1280 eventu
2001 1205 2452 1279 crudeliffimae
2487 1206 2877 1287 calamitatis,
2907 1227 3079 1274 verum
3103 1226 3149 1272 e·

762 1301 926 1372 tiam
960 1325 1171 1389 metu,
1218 1328 1292 1377 ac
1320 1306 1680 1403 suspicione
1702 1306 2000 1376 liberate.

863 1404 1094 1471 xxn.
1118 1403 1448 1474 Diximus
1488 1415 1509 1450 ¹
1549 1398 1863 1495 equidem
1889 1396 2286 1474 sufficienter
2305 1396 2391 1469 de
2430 1395 2761 1470 Senatoria
2782 1391 3144 1466 simultateLu-
3216 1463 3217 1468 ,

762 1493 858 1565 cii
904 1494 1243 1578 Catilinae,
1296 1500 1508 1593 capite
1542 1522 1616 1568 ac
1660 1496 1849 1567 fonte
1900 1499 2214 1568 sceleratae
2255 1492 2777 1583 conjurationis:
2825 1494 3002 1582 resque
3031 1512 3140 1557 om·

764 1591 909 1659 neis
980 1593 1316 1689 complexi
1385 1597 1603 1664 sumus
1628 1643 1651 1674 ,
1739 1616 1902 1687 quas
1973 1589 2196 1662 aluiffe
2282 1587 2581 1661 furorem
2656 1588 2841 1658 illum
2873 1635 2891 1669 ,
2937 1607 2986 1654 ac
3040 1605 3130 1677 pn·

762 1708 951 1755 mum
985 1686 1367 1758 excitaviss'e
1388 1687 1862 1776 judicavimus.
1964 1693 2168 1759 Nunc
2211 1684 2581 1758 videndum
2623 1680 2713 1753 est
2747 1681 2828 1753 de
2857 1680 3135 1759 rationeam·

764 1780 1047 1852 bitionis
1075 1786 1428 1866 teterrima,
1478 1804 1680 1878 atque
1718 1784 2076 1864 exitiabili,
2129 1806 2259 1875 qua
2290 1776 2739 1876 deflagraviffe
2776 1794 3029 1874 perpetuo
3051 1776 3137 1842 Ca-

762 1877 1024 1948 tilinam
1063 1878 1383 1974 superiori
1419 1878 1751 1951 divisione
1771 1876 2386 1950 demonstravimus.
2486 1873 2901 1971 Cupiditates
2924 1866 3135 1973 equidem

764 1973 1075 2065 plurimas
1110 1976 1180 2043 in
1218 1977 1344 2046 illo
1377 1973 1694 2058 monstr0,
1748 1975 2172 2056 calamitosaS,
2219 1999 2294 2044 ac
2312 1970 2824 2044 nefariasomnes
2848 1967 3135 2064 persepeju·

760 2065 945 2140 dices
971 2071 1448 2142 animadverti:
1499 2069 1855 2141 libidinem
1892 2095 2089 2143 unam
2133 2065 2739 2164 perniciosiffimam
2771 2066 2832 2135 in
2849 2061 3135 2164 primisecu-

759 2163 1005 2270 spicere
1051 2165 1226 2236 visus
1264 2167 1429 2247 sum,
1478 2168 1829 2237 temerariae
1877 2163 2240 2255 cujusdam,
2287 2185 2352 2234 at
2404 2188 2489 2235 ue
2533 2153 3134 2235 inconfiderataeambi·

758 2258 1012 2330 tionis:
1065 2283 1193 2352 qua
1216 2257 1390 2330 duce
1431 2261 1808 2357 properasse,
1836 2286 1957 2332 nec
2008 2263 2149 2333 ullo
2190 2274 2219 2306 2
2255 2190 2478 2330 studio
2515 2283 2799 2354 unquam
2852 2250 3141 2327 consciscen-

752 2348 985 2423 darum
1031 2377 1288 2450 opum,
1339 2379 1457 2427 nec
1498 2359 1639 2429 ullo
1675 2355 2009 2429 desiderio
2045 2355 2114 2428 di
2166 2355 2452 2428 nitatum
2495 2350 2861 2427 abstinuisse
2908 2372 2965 2419 re
3001 2365 3140 2451 matus
3216 2357 3217 2362 ’

758 2446 879 2519 est.
978 2454 1254 2524 Putabat
1289 2454 1468 2524 enim
1501 2457 1560 2526 se
1598 2451 1832 2526 frustra
1883 2380 2296 2526 nobiliffimo
2329 2474 2566 2546 genere
2583 2472 2828 2533 natum,
2870 2444 2905 2517 f
3057 2464 3142 2545 wf-

757 2562 934 2616 tutes
956 2549 1231 2620 eximias
1251 2549 1542 2646 corporis
1562 2570 1764 2644 atque
1794 2551 1995 2621 animi
2025 2551 2454 2622 consecutum
2477 2544 2702 2630 fuiffe‚
2749 2541 3008 2616 niomnia
3022 2533 3140 2606 divi·

763 2663 844 2711 na
868 2661 1068 2738 atque
1101 2642 1410 2729 humana,
1460 2644 2013 2717 truculentissimo
2045 2666 2278 2740 genere
2316 2638 2712 2739 cupiditatis
2742 2627 3134 2735 inquinaviffef:
3216 2660 3217 2727 χ

759 2741 1065 2830 quosque
1111 2742 1416 2812 cernebat
1470 2742 1787 2814 excellere
1839 2746 2081 2815 Romae
2122 2734 2488 2835 praestantia
2550 2734 2824 2832 quadam
2878 2729 3134 2829 dignitatis,

760 2832 1163 2907 beatiffimos
1190 2860 1304 2907 eos
1361 2834 1528 2918 effe,
1580 2843 1647 2907 δε
1694 2833 1826 2907 fine
1878 2835 2093 2907 dubio
2136 2833 2300 2908 Diis
2367 2830 2857 2931 aequiparandos
2885 2826 2997 2899 sore
3024 2820 3136 2893 ubl·

769 2928 1092 3002 trabatur.

853 3030 1124 3099 XXIII.
1181 3026 1263 3099 Id
1313 3050 1519 3121 genus
1547 3029 1791 3099 vesanae
1834 3025 2266 3121 cogitationis
2318 3022 2711 3109 hominem,
2777 3024 2963 3116 suapte
2988 3030 3131 3084 namn
3216 3076 3217 3079 η

755 3122 1190 3217 praecipitem,
1234 3142 1434 3219 atque
1473 3120 2031 3195 inconsideratum
2074 3121 2408 3216 compulit
2449 3121 2519 3190 in
2564 3112 2980 3193 abominandas
2999 3126 3130 3180 acne·
3216 3158 3217 3161 =

757 3212 951 3286 sarias
996 3223 1153 3290 vitae
1188 3217 1625 3311 cupiditates.
1674 3220 1858 3314 isque
1905 3241 2112 3313 nuper
2146 3216 2448 3288 comitiis
2512 3214 2935 3290 consularibus
2975 3216 3125 3306 &⁰4⁰5

754 3305 1130 3403 doquidem
1172 3314 1476 3409 suffragia
1517 3316 1757 3398 curiae,
1808 3335 2075 3411 propter
2109 3308 2610 3408 impendentem
2666 3331 2900 3383 metum
2934 3296 3123 3376 Parthlss

755 3403 914 3474 belli
950 3402 1310 3500 diligenter
1333 3410 1666 3483 enucleata
1701 3412 1887 3501 sunt)
1937 3434 2095 3507 quas
2124 3434 2256 3480 non
2282 3404 2456 3479 adiit
2489 3412 2861 3482 Senatorum
2878 3404 3123 3503 voce⁵7²¹²¹

759 3523 935 3592 quos
985 3502 1244 3575 civium
1286 3501 1633 3588 consessus,
1683 3509 1924 3601 partim
1978 3505 2280 3602 pecunia,
2409 3503 2572 3575 rtim
2612 3518 2638 3569 3
2672 3488 3125 3589 obsecrationibus,

744 3615 886 3667 'non
942 3597 1292 3673 obeundos
1324 3602 1735 3697 suppliciter,
1782 3625 1857 3673 ac
1900 3526 2445 3675 contaminanggs
2499 3598 2628 3673 effe
2660 3590 2977 3690 judicavit}
3010 3577 3122 3690 pun!

748 3712 968 3764 tamen
1003 3692 1080 3765 ad
1118 3693 1518 3791 dignitatem
1548 3696 1807 3793 gradus,
1869 3722 2085 3795 neque
2124 3696 2496 3780 insanienti,
2550 3720 2764 3792 neque
2780 3676 3114 3793 anhelfflflbffi
3216 3770 3217 3775 ,

749 3812 850 3859 no-
869 3788 1230 3869 candidato,
1264 3804 1640 3890 paruerunt.
1739 3793 1999 3868 Eadem
2032 3793 2202 3866 ratio
2266 3793 2590 3865 sceleratae
2630 3788 2902 3864 libidinis
2915 3760 3120 3873 fflm²fl

748 3882 1078 3973 majorem
1105 3887 1255 3965 ,vim
1312 3891 1626 3971 scelerum
1665 3891 1869 3988 paulo
1917 3911 2065 3967 ante
2103 3890 2570 3962 concitaverat.
2667 3887 2932 3961 Pisonem
2962 3885 3121 3943 ΜΝ·

742 4139 1199 4274 ωξώξζικεέφ]
1227 4142 1309 4203 α
1333 4140 1580 4220 quaem.
1663 4161 1700 4209 a
1736 4130 1921 4202 seara
1936 4143 2013 4233 o.
2033 4139 2348 4218 Mearm.
2432 4163 2465 4224 3
2500 4096 2935 4222 eastum]
2952 4102 3111 4201 W
