3419 4849
342 274 2895 877 ἱ[Εςςξοκῲ

1018 959 1205 1128 Ἰ.
1385 842 2238 1089 ᾯὶἱΑε·εΕ.

743 1235 918 1295 uu
934 1236 1001 1293 L
1067 1229 1314 1320 aeque
1346 1230 1400 1288 a
1435 1201 1863 1316 legentibus
1899 1206 2245 1317 ignorari
2279 1205 2708 1314 consuevit,
2747 1224 2985 1323 atque

442 1221 729 1473 N
759 1319 1286 1430 Recenfitoris
1306 1312 1652 1424 officium,
1672 1316 1861 1398 aliis
1878 1315 2255 1401 hominem
2266 1317 2385 1401 ad
2392 1318 2759 1514 rqfendas
2771 1321 2988 1404 dum-

767 1449 1027 1514 taxat
1072 1432 1373 1542 Operas
1411 1426 1829 1538 impositum
1848 1428 2348 1540 putantibus,
2378 1457 2429 1511 a
2520 1433 2981 1527 cavendum,

462 1566 554 1624 ne
573 1542 775 1653 quid
804 1543 1266 1626 detrimenti
1302 1541 1564 1651 capiat
1589 1537 1817 1650 Resp.
1844 1538 2451 1650 Alphabetarias
2475 1542 2681 1642 aliis,
2702 1562 2790 1628 ut
2812 1547 2990 1627 Au·

466 1655 751 1734 florem
757 1673 906 1765 pro
927 1652 1308 1736 Themate
1326 1648 1643 1743 habeat,
1663 1652 1979 1762 inquod
1985 1650 2256 1764 aliqua
2272 1653 2602 1736 moribus
2624 1653 2989 1761 forman·
3105 1700 3108 1709 =

474 1761 606 1844 dis
634 1761 903 1847 idonea
940 1777 1543 1847 commentetur„
1575 1760 1763 1874 Qo
1799 1763 2067 1874 itaque
2102 1770 2189 1845 in
2214 1761 2606 1874 praesenti
2622 1769 2987 1876 aequiora

457 1873 817 1984 postules,
840 1873 1333 1983 ostendemus,
1350 1897 1545 1985 quae
1565 1870 1881 1956 tandem
1897 1870 2058 1983 ipsi,
2077 1899 2248 1954 cum
2265 1873 2475 1974 aliis,
2493 1891 2660 1955 tum
2676 1881 2987 1986 praeci-

453 2003 608 2094 pue
642 1982 868 2067 nobis
905 1981 1336 2068 incumbere
1358 1987 1799 2092 putarimus
1817 2021 1848 2077 ,-
1908 2010 2105 2096 quou
2127 2005 2286 2177 que
2319 1988 2633 2069 interim
2672 1995 2771 2079 (7⁹
2802 2015 2994 2102 qua-

465 2097 685 2178 tinus
704 2095 1170 2207 propofitum
1204 2094 1336 2202 aff
1318 2096 1527 2177 ecuti
1527 2092 1954 2203 fuerimus,
1974 2111 2107 2178 tuo
2214 2097 2420 2179 ceto»-
2438 2096 2836 2181 arbitratu
2849 2097 2991 2207 fe-

456 2233 592 2288 ras
601 2205 1128 2313 sententiam.
1182 2201 1713 2316 Typographos
1753 2207 1840 2286 in
1867 2203 2181 2289 edendis
2222 2232 2440 2289 omne
2457 2234 2709 2320 genus
2728 2209 2791 2294 S
2784 2215 2990 2322 crip-

466 2315 796 2417 toribus‚
840 2322 1088 2400 unius
1123 2314 1548 2421 alteriusve
1585 2314 1878 2398 codicis
1894 2312 2140 2423 fidem
2166 2314 2472 2420 secutos
2508 2325 2934 2434 accepimus
2953 2362 2986 2417 3

459 2428 665 2511 unde
689 2428 1058 2536 factum,
1113 2443 1205 2508 ut
1243 2430 1548 2539 primae
1587 2424 1668 2508 E
1672 2427 2008 2537 ditiones
2044 2430 2190 2533 etfi
2249 2427 2660 2513 derivatae
2716 2461 2769 2514 a
2795 2455 2989 2545 pro-

474 2537 905 2621 batioribus
941 2535 1430 2630 membranis,
1485 2538 2254 2649 interpretationibus
2270 2537 2548 2653 ubique
2560 2544 2933 2649 scateant
2955 2584 2988 2639 3

464 2675 711 2763 neque
748 2668 1041 2733 temere
1063 2644 1287 2758 poffit
1306 2652 1652 2730 inveniri
1686 2647 1927 2731 ullum
1963 2650 2392 2762 elegantius
2427 2650 2805 2748 Dictum,
2846 2674 2989 2740 aut

465 2761 566 2843 ab
602 2761 744 2867 usu
786 2761 1169 2842 communi
1207 2761 1569 2841 remotior
1607 2758 2113 2866 Construi‘t'io,
2222 2764 2357 2844 uin
2405 2780 2549 2846 aut
2585 2764 2991 2869 somnian-

468 2874 664 2953 tium
718 2870 1319 2963 Monachorum,
1399 2884 1543 2950 aut
1582 2866 1948 2978 perverse
2002 2896 2129 2953 me
2170 2874 2464 2955 entium
2523 2899 2795 2959 manus
2850 2904 2993 2961 ex-

448 3000 689 3094 perta
712 2981 994 3089 fuerit.
1108 2979 1230 3066 Et
1267 2995 1648 3093 quantam
1697 2979 1992 3093 cladem
2048 2977 2145 3071 t&
2188 2982 2721 3070 calamitatem
2770 2985 2991 3070 bonis

456 3093 763 3176 litteris
799 3089 1157 3199 attultffe
1194 3089 1451 3195 censes
1510 3089 1708 3173 data
1744 3111 1972 3201 opera
2006 3090 2612 3204 Depravantes,
2672 3124 2993 3211 quorum

395 3206 414 3217 '
437 3203 852 3287 -medics‘na
910 3218 1038 3287 tot
1088 3218 1510 3312 tantaeque
1552 3201 1863 3285 dicendi
1903 3227 2221 3285 veneres
2279 3207 2683 3289 extinttae
2713 3208 2915 3314 sunt
2937 3207 2987 3296 ,ἲ

457 3311 688 3429 „Quin
715 3333 813 3399 ut
847 3311 1169 3426 quisque
1205 3313 1615 3404 eruditior,
1654 3315 1781 3394 ita
1800 3311 2227 3398 Auitorem
2241 3315 2479 3420 suum
2493 3315 2819 3429 foedius
2856 3345 2991 3404 ac·
3134 3386 3150 3400 .

450 3430 659 3536 cepit
681 3477 709 3518 ,
800 3422 1196 3536 eidemque
1272 3423 1601 3505 vulnera
1674 3425 2069 3534 graviora
2145 3424 2475 3532 inflixit.
2628 3426 2826 3514 Non
2904 3459 2988 3513 e-

450 3543 620 3619 nim
676 3533 995 3645 difficile
1050 3532 1154 3639 est
1187 3532 1665 3617 indoitorum
1699 3532 1999 3645 lupinos
2034 3532 2135 3615 ab
2175 3562 2348 3617 aere
2360 3543 2703 3650 genuino
2737 3544 2983 3625 inter-

440 3647 777 3755 noscere
795 3678 831 3746 ··.
869 3645 1022 3753 sed
1048 3644 1471 3753 affumenta
1501 3646 1809 3757 aptiora
1847 3644 2328 3751 subodorari,
2381 3652 2550 3777 {ju-⁸·
2587 3653 2814 3735 unius
2851 3654 2984 3759 esi,

452 3763 595 3871 qui
641 3776 962 3871 praeter
999 3759 1502 3840 acrimoniam
1557 3756 1877 3865 ingenii,
1927 3754 2215 3863 stylum
2267 3763 2631 3890 cujusque
2685 3771 2981 3851 aetatis

451 3868 677 3979 probe
692 3866 1181 3983 perspectum
1214 3865 1477 3949 habet.
1593 3865 1911 3959 Adhoc,
1959 3867 2049 3973 st
2093 3867 2506 3954 collatione
2555 3872 2984 3989 Exempla-

469 3984 661 4063 rium
689 3978 1116 4098 aliquando
1132 3998 1283 4089 pro
1300 3977 1708 4089 splendore
1727 3975 2056 4089 pristino
2095 3980 2501 4090 enitefi‘at,
2536 3984 2782 4070 deerit
2796 3989 2988 4100 for-

449 4088 661 4201 taffi·
693 4098 824 4205 qui
883 4089 1128 4204 Ipsius
1185 4116 1468 4172 errores
1511 4092 1596 4171 in
1648 4089 1983 4174 locorum
2040 4094 2499 4187 nominibus,
2574 4114 2991 4211 temporum

448 4220 836 4317 computo,
908 4201 1166 4286 rerum
1289 4202 1613 4310 astarum
1690 4205 2280 4300 enumeratione,
2354 4206 2737 4293 adhibitis
2776 4238 2829 4291 a
2868 4212 2993 4295 Re

455 4310 938 4400 Nummaria
968 4226 1526 4427 Lapiafari‘ave
1549 4310 1866 4423 testibus
1883 4311 2209 4510 idongis,
2232 4317 2734 4431 perstquatur
2754 4360 2784 4417 3
2825 4321 3001 4433 sal.

1494 4491 1507 4513 ὁ
2849 4455 3009 4525 tem
