3419 4849
546 343 650 405 u
978 312 2377 413 .·PRAEFATta

537 489 694 558 tem
713 471 850 585 qui
869 467 1148 580 Leges,
1171 471 1467 564 Mores,
1478 469 1949 555 Locutiones
1968 477 2207 558 etiam
2228 475 2494 588 paullo
2530 477 3060 588 insolentiores

537 605 806 667 ornate
838 601 1083 693 atque
1121 579 1410 693 copiose
1469 580 1858 693 expediat.
1977 585 2260 669 Veram
2265 590 2460 703 jam
2495 594 2727 676 vides
2764 594 3055 680 Edito-

540 698 655 778 ris
701 693 1226 804 provinciam,
1302 703 1401 783 &¹
1451 697 1578 775 cui
1617 692 2095 802 sufficienter
2153 699 2566 795 ornandae,
2624 707 2778 786 vix
2818 707 3055 791 ullius

449 816 464 824 ’
537 832 851 890 acumen
882 803 1104 910 satis
1133 802 1464 910 subtile,
1517 805 1734 887 nulla
1762 805 2000 915 plane
2037 807 2317 892 Lectio
2356 819 2873 923 quantumvis
2907 821 3055 902 im-

539 916 827 1023 mensa,
875 914 1080 1020 satis
1117 915 1370 1025 ampla
1427 913 1569 1022 effe
1622 919 1966 1000 videtur.
2088 919 2438 1005 Proinde
2493 915 3054 1038 carptim‘onus

542 1024 868 1139 'aggi-effi
888 1025 1087 1133 fient
1124 1024 1184 1107 I
1176 1043 1628 1136 nterpretes‚
1678 1030 1888 1140 qnod
1934 1033 2322 1141 integrum
2348 1033 2728 1144 ficstinere
2784 1046 3059 1153 nequi-

532 1139 749 1222 bant.
808 1138 980 1220 Hic
1021 1134 1329 1244 excuffa
1365 1135 1720 1220 barbarie
1740 1138 1927 1248 styli
1962 1143 2231 1247 nasum
2274 1145 2633 1228 condere:
2689 1146 3050 1236 ille‘idem

540 1250 891 1333 docentes
924 1250 1133 1330 inter
1149 1246 1617 1351 seinvicem
1656 1253 2130 1334 committere
2148 1284 2174 1334 .·
2205 1253 2673 1352 Politicam,
2712 1261 3049 1374 Geogra-

523 1360 840 1474 pleicam
861 1372 1220 1441 excutere
1237 1391 1263 1440 .·
1288 1359 1688 1466 scribendi
1701 1361 2002 1442 modum
2033 1378 2429 1475 artemque
2442 1369 2561 1450 ad
2568 1371 2905 1472 amuffim
2922 1376 3055 1458 A.

539 1471 1030 1579 ristotelicam
1052 1471 1533 1582 perpendere.
1611 1471 1858 1585 Qod
1886 1472 1997 1556 ad
2029 1472 2469 1584 Sallustium
2505 1482 2830 1572 attinet,
2878 1485 3047 1576 nol,

535 1583 684 1666 lem
730 1583 1035 1698 quidem
1094 1598 1262 1665 tam
1321 1580 1664 1685 munifici
1719 1580 1859 1692 effe
1909 1585 2317 1695 voluiffent
2358 1591 2445 1669 in
2485 1616 2651 1671 eum
2688 1590 3049 1689 librarii,

536 1723 852 1810 quorum
870 1692 1158 1806 gloffae
1177 1693 1555 1777 linearum
1565 1694 1827 1804 ferme
1866 1721 2255 1779 numerum
2275 1719 2737 1811 exaequant.
2762 1699 3047 1817 Neque

538 1809 741 1888 enim
768 1835 817 1888 a
838 1806 1256 1890 Sciolorum
1294 1806 1620 1888 calamis
1665 1808 2262 1919 inquinatiorem
2300 1810 2540 1892 alium
2570 1814 2735 1925 post
2772 1832 3053 1915 natam

531 1919 1040 2032 eloquentiam
1078 1915 1404 2027 extittff
1387 1944 1428 1998 e
1481 1913 2053 2025 affirmaverim.
2122 1918 2666 2030 *Et-profheta,
2695 1943 3048 2035 praeter„

583 2057 759 2112 uam
793 2030 1003 2144 quod
1033 2032 1365 2111 omnium
1397 2029 1752 2113 manibus
1789 2027 2068 2134 affidue
2101 2028 2512 2127 tereretur,
2547 2035 2760 2118 nemo
2801 2041 3053 2149 magis
3142 2036 3147 2039 ⁴

525 2058 710 2224 {uic
733 2140 931 2253 pesti
951 2139 1323 2223 obnoxius
1360 2157 1599 2252 atque
1632 2157 2092 2251 opportunus
2126 2141 2269 2250 effe
2289 2162 2635 2254 poterat.
2744 2147 3049 2259 Ampu-

528 2269 752 2335 tatae
771 2255 936 2365 ejus
941 2252 1271 2362 periodi,
1291 2250 1551 2357 subiti
1588 2255 1793 2336 ietus
1793 2250 2396 2359 sententiarum,
2416 2255 2660 2340 dittio
2679 2282 2778 2338 ex
2797 2261 3045 2370 inopi·
3111 2348 3116 2349 f

502 2383 723 2468 flato
748 2362 1132 2476 praecifh,
1160 2358 1257 2454 όν
1278 2366 1557 2474 ignara
1576 2360 1848 2458 verba,
1870 2364 2383 2477 Interpretem
2405 2367 2788 2477 postulare
2816 2372 3046 2457 vide-

527 2474 840 2560 bantur.
895 2474 1037 2558 Ea
1072 2477 1447 2557 orationis
1477 2477 1938 2585 pernicitas,
1977 2492 2069 2559 ut
2108 2479 2195 2559 ni
2233 2475 2758 2562 Litteratoris
2782 2482 3046 2567 alicu·
3127 2491 3133 2496 ’

493 2590 654 2705 jus
662 2585 1000 2695 saburra
1035 2584 1546 2679 inhiberetur,
1573 2585 2002 2696 periculum
2041 2605 2244 2678 erat,
2290 2614 2386 2671 ne
2421 2588 2843 2694 oscitantes
2865 2597 3046 2676 ani-

372 2781 379 2783 .
527 2724 688 2781 mos
706 2698 1261 2806 transvolaret,
1284 2714 1520 2808 atque
1538 2723 1589 2777 a
1610 2713 1825 2808 tergo
1848 2698 2327 2811 relinqueret.
2368 2697 2594 2782 Hinc
2611 2704 2896 2785 totiens
2916 2706 3046 2787 in-

495 2810 916 2893 culcatum
950 2806 1241 2916 infelix
1274 2806 1486 2910 istud
1515 2834 1662 2890 coe
1732 2817 1817 2910 it,
1835 2807 2148 2921 aliaque
2187 2805 2428 2922 verba
2463 2809 2898 2918 adscititia,
2939 2812 3042 2924 &f

528 2920 617 3005 E
617 2919 933 3031 llipstum
947 2920 1099 3029 sup
1149 2917 1564 3001 lendarum.
1621 2834 1733 2999 ἦ
1722 2943 1811 2998 ec
1828 2936 2084 3003 tamen
2102 2918 2234 3001 his
2248 2919 2613 3025 sordibus
2632 2941 3040 3008 contentus

525 3031 1040 3140 Pomponius
1134 3049 1388 3122 aetus,
1411 3028 1767 3133 castiores
1786 3028 2132 3135 Sallustii
2150 3031 2525 3113 editiones
2548 3028 2636 3121 ὢ
2664 3033 2818 3146 ipse
2840 3035 3039 3118 talis

525 3146 691 3236 vir,
732 3169 831 3223 ex
874 3140 1392 3225 Sanseverina
1403 3139 1770 3249 familia,
1817 3140 2095 3224 Vallae
2141 3139 2642 3253 Discipulus,
2701 3144 3037 3230 ulterius

525 3250 1045 3359 contaminaff
1031 3278 1070 3331 e
1075 3251 1372 3358 fertur.
1454 3249 1580 3333 Et
1598 3249 1699 3333 ab
1722 3250 1940 3334 illius
1959 3249 2419 3363 temporibus
2439 3252 2548 3338 ad
2559 3254 2889 3361 nostram
2906 3258 3038 3364 us-

525 3391 674 3479 que
708 3380 1052 3447 aetatem
1077 3362 1337 3472 plures
1368 3389 1759 3454 enarrare,
1778 3364 2146 3475 notasque
2184 3363 2474 3446 Reales
2509 3368 2597 3447 in
2640 3392 2812 3449 eum
2850 3394 2992 3454 con
3008 3420 3038 3438 -
3073 3450 3079 3453 .

507 3474 851 3586 scribere
902 3501 1133 3588 quam
1170 3496 1320 3584 pur
1370 3502 1503 3557 are
1555 3472 1970 3558 malebant.
2084 3473 2144 3556 I
2136 3501 2185 3555 n
2223 3473 2372 3557 hoc
2423 3476 2662 3590 vulgo
2700 3483 3035 3564 eminent

528 3585 1037 3677 Omnibonus,
1069 3583 1161 3667 Z
1155 3499 1483 3678 ancias,
1533 3582 2055 3693 Bononiensts,
2095 3584 2556 3697 Philologus
2576 3629 2608 3684 3
2668 3593 2873 3674 inter
2913 3619 3040 3675 eos

523 3704 660 3815 qui
701 3699 1090 3806 Hist‘orice
1129 3691 1226 3787 όν
1267 3696 1618 3781 Politice
1652 3723 1811 3779 rem
1843 3715 2115 3809 agunt,
2153 3697 2225 3779 C
2219 3698 2689 3807 astilioneus,
2719 3703 3028 3814 Ruper-

525 3833 689 3905 tus,
747 3806 1438 3917 Graswinckelius,
1512 3806 1945 3890 Loccenius
1980 3850 2011 3903 ,-
2093 3813 2191 3900 (γ’
2233 3813 2370 3923 qui
2406 3820 2683 3904 artem,
2716 3813 3034 3923 sensus.

393 3939 396 3940 *
525 3950 671 4037 que
706 3922 819 4006 ad
854 3921 1198 4033 regulam
1216 3917 1904 4030 scribendi-exigit
1945 3918 2240 4005 Paulus
2282 3921 2584 4005 Benius
2619 3964 2651 4019 ,-
2711 3950 3036 4036 quorum

522 4033 820 4120 labores
857 4031 1009 4114 hac
1068 4035 1154 4115 in
1201 4048 1432 4141 parte
1489 4059 1626 4113 nos
1679 4028 2102 4114 illaetabili
2154 4050 2393 4146 atque
2448 4036 2757 4144 ingrato
2815 4065 3036 4121 onere

504 4144 1051 4257 stcblevarunt.
1176 4142 1696 4238 Eorumhvero
1731 4146 1870 4259 qui
1904 4146 1993 4227 in
2027 4149 2372 4228 oratione
2410 4142 2755 4254 Sallustii
2787 4175 3034 4230 emen-

529 4256 791 4343 danda
812 4255 978 4370 post
1004 4251 1305 4340 Aldum
1331 4251 1428 4349 &⁴
1466 4255 1962 4378 Alcandrum
1997 4256 2505 4368 exsudarunt,
2526 4284 2793 4372 agmen
2813 4258 3035 4451 ssaecit

2054 4419 2062 4430 ·
2910 4396 3042 4454 en.
