3419 4849
323 309 591 424 'vx
1182 316 2373 411 PRAEFATIO.

496 497 567 579 ei
606 485 1261 600 suppeditaverat
1319 487 1630 596 optimis
1687 501 2074 598 utcunque
2132 480 2579 579 aub't‘oribus
2634 488 3015 604 frequens

498 607 675 690 Bib.
711 598 1176 689 Medicaea,
1205 606 1498 708 =magni
1538 600 1705 678 viri
1727 600 2046 708 genium
2080 596 2459 706 destituit.
2568 599 3010 712 Sallustium

499 735 763 800 tamen
798 733 938 824 pro
977 712 1212 820 copiis
1251 709 1499 800 dedit,
1531 705 2155 792 Florentinum
2181 737 2483 793 Lxxv1.
2542 709 3015 800 Ludovicue

506 826 684 910 inde
727 822 1020 906 Carrio
1058 820 1157 927 J.
1204 823 1296 903 C.
1344 837 1572 931 patre
1632 819 2023 932 Hispano,
2079 839 2326 905 matre
2385 821 2711 930 Belgica
2748 817 3019 921 natus,

509 942 649 1017 vir
693 933 1161 1046 praestantis
1217 933 1508 1043 ingenii
1549 995 1571 1031 ‚
1626 923 1726 1019 ὀ
1782 936 1869 1012 in
1926 929 2258 1012 Latinis
2315 930 2722 1017 Scholiast.
2793 936 3011 1019 Vett.

517 1045 1091 1132 Grammaticis
1144 1049 1496 1156 antiquis
1546 1038 2093 1146 versattffimus
2117 1091 2141 1133 ,
2197 1037 2670 1153 Fragmenta
2711 1051 3017 1155 primus

487 1163 754 1274 juxta
784 1154 1065 1262 seriem
1100 1181 1469 1239 annorum
1508 1150 1909 1262 disposuit)
1961 1176 2193 1244 anno,
2247 1169 2335 1234 ut
2357 1154 2509 1263 ipse
2524 1157 2643 1238 ait
2661 1158 2745 1238 in
2764 1156 3019 1268 Epist.

515 1270 629 1354 ad
661 1266 1134 1352 Guidonem
1194 1266 1662 1354 Laurinum,
1719 1287 1965 1345 clam
2020 1289 2266 1345 Lxlv.
2315 1264 2488 1374 post
2516 1267 2812 1376 paullo,
2862 1296 3021 1367 una

515 1408 686 1464 cum
714 1377 1005 1492 reliquo
1043 1397 1285 1487 opere,
1340 1403 1392 1457 a
1406 1374 1508 1482 se
1548 1399 1649 1454 ex
1684 1372 1912 1456 libris
1946 1366 2302 1483 antiquis
2339 1376 2738 1460 emendato
2771 1379 3022 1463 edidit

521 1501 951 1600 Antwerp.
975 1515 1221 1572 cmm
1247 1512 1545 1571 Lxxxx.
1567 1484 1996 1575 Criticum2
2020 1481 2152 1566 ubi
2167 1485 2375 1565 ratio
2411 1489 3021 1573 emendationum

521 1600 906 1686 reddenda
940 1599 1078 1707 ⁴eff
1060 1617 1170 1692 et,
1227 1625 1378 1682 non
1435 1592 1780 1689 addidit,
1819 1593 2249 1705 absentiam
2296 1594 2663 1682 librorum
2727 1595 2823 1693 (J
2862 1600 3023 1685 cla.

518 1716 690 1799 dem
712 1708 1281 1816 Lovaniensem
1315 1706 1725 1816 cauffatus.
1791 1706 2017 1791 Unde
2052 1708 2328 1790 merito
2365 1708 2690 1805 accidit,
2715 1730 2807 1796 ut
2828 1713 3023 1795 haec

525 1825 811 1909 Editio
851 1850 1000 1906 non
1022 1820 1127 1927 fit
1167 1825 1252 1904 in
1293 1819 1641 1904 omnibus
1674 1817 2079 1904 admodum
2121 1817 2503 1931 probatae
2537 1820 2765 1929 fidei,
2820 1823 3037 1936 quod

526 1955 784 2047 nempe
803 1935 874 2016 C
869 1933 1323 2042 onjeft‘orem
1354 1935 1589 2024 inter,
1611 1924 1709 2020 (γ’
1730 1929 2049 2013 Codices
2069 1930 2525 2043 distinguere
2539 1932 2761 2017 haud
2768 1934 3032 2020 liceat.

526 2047 755 2160 Qin
816 2049 1045 2128 immo
1101 2051 1396 2127 vocum'
1418 2040 2032 2126 Terminationes
2069 2059 2459 2127 caeterum
2513 2072 2604 2127 ue
2643 2045 3023 2160 sermonis

500 2159 734 2267 filum
769 2156 883 2240 ad
913 2157 1406 2267 antiquorum
1458 2154 1804 2264 exempla
1850 2150 2292 2238 tacentibus
2317 2237 2327 2240 Α
2349 2153 2451 2236 Μ
2512 2155 2587 2239 S.
2645 2156 3029 2266 diduxtffe

374 2276 380 2280 ’
455 2295 468 2333 ⁸
503 2270 871 2379 suspicor.
933 2268 1049 2349 Ut
1088 2293 1211 2349 res
1244 2263 1661 2378 aliquando
1679 2265 1958 2375 palam
1963 2262 2163 2370 fiat,
2187 2266 2639 2376 optimorum
2653 2269 3037 2353 Codicum.

525 2383 868 2470 nomina,
907 2404 1106 2490 quae
1141 2376 1447 2491 quidem
1481 2381 1884 2469 memoriae
1902 2374 2285 2487 prodidit,
2300 2402 2402 2459 ex
2429 2375 2704 2463 Libris
2727 2380 2873 2464 Em
2881 2379 3026 2465 eu-

448 2496 453 2501 ’
526 2491 953 2575 dationum
1018 2491 1187 2604 ejus
1254 2516 1323 2582 1,
1373 2514 1440 2590 5.
1521 2485 1618 2578 ὠ
1680 2490 2007 2571 Comm.
2067 2488 2353 2596 Antiq.
2429 2515 2606 2591 111,
2668 2516 2798 2586 20,
2856 2484 3027 2581 dyc.

524 2598 930 2708 recensebo.
1045 2601 1205 2685 Sex
1235 2603 1505 2712 itaque
1527 2599 2093 2707 omninosunt,
2148 2599 2237 2680 in
2273 2600 2561 2709 primis
2608 2627 2711 2683 ex
2746 2601 3030 2684 Colle-

524 2714 670 2825 gio
695 2709 1165 2793 Bussidiano
1180 2731 1324 2819 per
1356 2710 1893 2793 excellentiam
1928 2706 2464 2903 ofinordibius
2487 2708 3027 2802 Bussidianus,

526 2824 705 2907 dein
733 2821 1329 2904 Gemblacensss
1361 2818 1903 2925 vetustifflnms
1967 2818 2157 2911 ibet,
2196 2822 2387 2902 item
2422 2820 2656 2912 alius,
2672 2823 2809 2934 qui
2845 2821 3028 2904 olim

507 2934 794 3042 fuerat
837 2934 938 3014 D.
979 2932 1320 3040 Benigni
1361 2930 1908 3015 DivionenfiS.
2017 2930 2119 3013 In
2157 2934 2368 3012 notis
2398 2931 2514 3015 ad
2555 2929 3032 3042 Fragmenta

532 3070 766 3128 unum
805 3039 1127 3125 adhibet
1171 3040 1505 3143 Nicolai
1539 3040 1833 3134 Fabri,
1890 3040 2342 3141 Cardinalis
2385 3042 2799 3126 Briconeti
2834 3043 3035 3127 alte-

536 3183 734 3247 rum,
783 3155 1104 3237 tertium
1145 3150 1629 3236 Vaticanum
1653 3204 1678 3245 ,
1789 3179 1922 3234 uos
1961 3178 2213 3235 omnes
2264 3150 2394 3235 (31.
2438 3150 2773 3237 Puteani
2812 3175 3035 3267 opera

541 3267 823 3351 nucius
861 3263 983 3371 est.
1060 3264 1378 3346 Codices
1418 3268 1658 3347 etiam
1701 3180 2146 3348 grammat.
2188 3264 2408 3346 Anti
2458 3290 2533 3374 q.
2573 3267 2847 3360 eidem,
2897 3282 3042 3350 aut

534 3376 857 3459 .Melch.
905 3374 1336 3484 Hittorpio
1391 3374 1848 3478 Colonienfis
1901 3373 2081 3456 Bib.
2140 3290 2479 3478 Custodg,
2533 3393 2677 3458 aut
2715 3375 2894 3460 deni
2948 3403 3044 3461 ue

547 3485 728 3571 Bib.
771 3484 851 3569 E
855 3485 1189 3592 lnonenfi
1213 3483 1467 3569 deberi
1500 3485 1852 3595 testatur.
1988 3484 2156 3566 His
2195 3482 2331 3567 ille
2353 3486 2781 3595 praeclaris
2795 3406 3043 3597 subsi-

432 3668 438 3673 .
547 3600 707 3685 diis
739 3600 1042 3708 fretus,
1095 3598 1388 3713 conjeci
1397 3602 1558 3681 uris
1611 3600 2111 3681 renunciavit
2147 3613 2172 3691 3
2228 3595 2397 3679 loca
2434 3623 2590 3709 qua
2617 3600 3021 3714 scriptura
3035 3657 3063 3697 ,

368 3735 380 3743 ·
550 3738 706 3825 qua
758 3709 858 3792 ab
932 3709 1540 3821 interpunfiione
1607 3708 1961 3816 mendosa
2039 3710 2332 3820 egregie
2410 3710 2767 3814 restituit.
2885 3713 3053 3796 Hi·

524 3822 862 3931 storiam
929 3847 1134 3913 raro,
1189 3819 1558 3915 Graecos,
1615 3838 1933 3931 praeter
1988 3818 2537 3913 Plutarchum,
2596 3818 2695 3912 &¹
2739 3823 3050 3908 Demo-

555 3933 946 4031 sthenem,
983 3934 1127 4037 eof
1155 3958 1245 4014 ue
1270 3933 1508 4036 semel
1533 3932 1937 4025 adduHos,
1993 3958 2088 4015 ne
2119 3935 2402 4041 attigit
2440 3933 2761 4045 quidem
2876 3935 3058 4022 Au..

557 4045 808 4127 fiores
846 4044 906 4127 S
902 3960 1353 4151 alluJZanae
1409 4046 1774 4129 didionis
1829 4043 2157 4127 aemulos
2196 4044 2469 4157 ubique
2511 4042 2871 4156 negligit,
2930 4052 3053 4137 in-

564 4173 838 4238 tentus
912 4155 1136 4240 libris
1187 4157 1366 4263 suis
1408 4209 1435 4251 ,
1516 4181 1835 4284 quorum
1904 4154 2345 4262 venustates
2430 4182 2843 4269 numquam
2908 4185 3058 4243 non

563 4267 1008 4380 affeq'uitur.
1136 4266 1359 4352 Huic
1455 4294 1623 4385 ejus
1735 4266 1983 4351 labori
2081 4292 2327 4351 cmo
2386 4293 2631 4351 ωαχ.
2706 4268 3063 4376 succeffit

2811 4378 3065 4495 Janus
