3419 4849
809 240 964 317 280
1711 228 2498 313 FRAGMENTA

787 383 896 432 ter
913 369 1221 435 Deorum
1249 361 1726 433 immortalium
1750 361 2019 432 numina
2036 382 2397 457 receptamz
2453 381 2591 453 quo
2607 354 2853 427 nomine
2885 355 2945 427 id
2982 355 3079 429 insi

795 456 1140 530 simulacro
1184 460 1417 553 capitis
1465 456 1644 545 eju5‚
1694 457 1881 552 quod
1943 481 2105 528 mox
2157 457 2224 526 in
2280 454 2432 526 foro
2492 454 3007 539 consecravimus,
3043 384 3176 546 atii:

795 552 978 622 ftum
1025 552 1141 623 est.
1245 562 1505 626 Servius
1548 555 1639 625 ad
1690 562 1752 627 I.
1808 562 2025 656 Georg.
2131 557 2229 623 Et
2270 557 2437 622 Plin.
2474 548 2595 620 lib.
2637 573 2744 621 tt.
2792 573 2910 646 cap.
2946 574 3041 642 25·

887 650 1082 720 Circa
1145 647 1370 719 horam
1415 650 1712 719 octavam
1763 647 1942 736 stella
1992 645 2412 743 amplissima,
2462 641 2639 738 quasi
2678 646 3008 717 lemniscata
3039 670 3176 719 coro-

788 767 893 822 na,
931 767 1071 815 orta
1101 742 1192 812 est
1219 774 1237 827 3
1291 769 1490 838 quam
1516 743 1793 837 quidam
1820 743 1899 815 ad
1933 739 2377 830 illustranda-gn
2408 742 2679 834 gloriam
2719 742 2965 810 Caesaris
2989 740 3178 826 juvenis

783 841 1108 930 pertinere
1153 839 1632 910 existimabant.
1754 841 1895 935 Ipse
1938 839 2231 910 animam·
2257 840 2453 933 patris
2510 836 2604 907 sui
2651 830 2774 904 effe
2812 837 3043 907 voluit:
3111 840 3175 907 ei-

782 958 918 1024 que
950 937 1017 1005 in
1047 936 1396 1031 Capitolio
1423 931 1717 1014 statuam,
1753 935 1936 1030 super
1962 953 2157 1029 caput
2187 956 2442 1004 auream
2479 929 2724 1001 stellam
2754 929 3175 1028 habentem,po-

779 1039 955 1122 iuit3
1012 1039 1487 1134 inscriptumin
1524 1036 1652 1109 bali
1677 1037 1920 1120 fuerat,
1972 1042 2370 1113 KAICAPI
2404 1038 2832 1118 ΗΜῙΘΕΩ
2925 1030 3171 1105 Sequl.

781 1166 980 1211 canus
1010 1143 1283 1237 aruspex
1320 1144 1387 1212 in
1423 1144 1750 1214 concione
1787 1140 1971 1210 dixit
2002 1157 2305 1210 cometen
2350 1133 2505 1216 effe,
2554 1137 2673 1230 qui
2702 1132 3050 1230 significaret
3077 1139 3167 1204 exi-

774 1255 924 1306 tum
962 1239 1120 1308 noni
1155 1240 1351 1309 seculi
1381 1245 1446 1308 δι
1472 1239 1828 1334 ingressum
1848 1234 2125 1306 decimi.
2198 1231 2327 1306 Sed
2365 1229 2554 1327 quod
2599 1231 2828 1303 invitis
2848 1229 2988 1302 Diis
3006 1233 3166 1302 secreta

757 1357 990 1402 rerum
1031 1334 1531 1429 pronunciaret,
1583 1332 1803 1404 statim
1834 1336 1893 1403 se
1924 1329 2051 1400 effe
2091 1330 2516 1400 moriturum.
2616 1332 2714 1399 Et
2754 1323 3022 1396 nondum
3045 1323 3165 1396 finita

763 1430 1101 1511 oratione,
1140 1431 1211 1498 in
1250 1430 1380 1526 ipsa
1404 1431 1731 1500 concione
1772 1424 2094 1500 concidit.
2162 1431 2426 1497 Servius
2453 1451 2537 1493 ex
2574 1422 2759 1495 Baebio
2793 1430 3025 1494 Macro.

1806 1573 1973 1640 Lm.
2028 1573 2114 1637 X.

863 1698 1182 1769 CXLIX.
1230 1698 1526 1790 Corpora
1567 1715 1846 1772 eorum,
1896 1690 2016 1784 qui
2084 1688 2300 1785 capite
2350 1685 2783 1772 damnantur,
2830 1689 3076 1785 cognatis
3098 1688 3156 1781 ip-

762 1791 985 1863 sorum
1030 1789 1323 1885 neganda
1365 1814 1497 1861 non
1543 1791 1714 1861 sunt.
1812 1792 1909 1858 Et
1946 1781 2019 1855 id
2052 1786 2113 1857 se
2160 1783 2521 1856 observasse
2554 1787 2759 1858 etiam
2797 1788 2888 1857 D.
2921 1778 3156 1879 Augustus

758 1885 922 1958 libro
960 1913 1028 1959 x.
1067 1891 1146 1960 de
1183 1898 1325 1959 vita
1346 1889 1474 1980 sua
1504 1884 1754 1977 stribie.
1852 1887 2121 1979 Ulpiaen.
2160 1880 2269 1952 lib.
2306 1905 2405 1952 xi.
2444 1882 2530 1953 de
2565 1882 2755 1976 officie
2805 1888 3147 1953 Procne-atem.

762 1988 848 2050 L.
883 1982 960 2053 de
997 1986 1247 2056 Cadav.
1289 1989 1793 2057 Damnatorum.

1582 2103 1671 2168 C.
1755 2101 1828 2166 O
1897 2103 1947 2168 P
2021 2102 2072 2167 Ρ
2142 2102 2177 2168 Ι
2249 2100 2327 2169 U
2399 2101 2440 2167 S

1318 2218 1461 2286 De
1522 2219 1742 2286 Vrsa
1798 2239 1890 2284 12:1-
1940 2217 2187 2288 REBus
2244 2218 2692 2290 Armenta.

843 2342 1087 2410 'Mater
1118 2335 1425 2410 Africani
1457 2336 1582 2409 diu
1613 2336 1851 2407 sterilis
1881 2334 2249 2409 existimata
2266 2337 2384 2410 est.
2440 2348 2513 2412 P.
2539 2363 2817 2436 quoque
2838 2338 3143 2436 Scipimcum

751 2462 901 2529 quo
935 2458 1136 2532 nupta
1158 2457 1319 2521 erat,
1370 2435 1619 2506 liberos
1642 2430 2034 2529 desperavit.
2110 2432 2333 2506 Postea
2362 2436 2430 2507 in
2463 2438 2815 2519 cubiculo,
2839 2458 3008 2530 atque
3028 2434 3075 2502 in
3089 2431 3143 2498 lt·

757 2536 872 2601 ἂο
905 2532 1223 2613 mulieri5‚
1272 2554 1426 2602 cum
1448 2531 1705 2601 absente
1732 2529 1972 2599 marito
1999 2529 2245 2600 cubans
2276 2533 2408 2603 sola
2440 2530 2897 2613 obdormisset,
2941 2530 3066 2601 visus
3080 2546 3140 2594 re·

755 2646 951 2719 pente
979 2625 1168 2713 juxta
1199 2650 1340 2697 eam
1371 2626 1608 2697 cubare
1640 2627 1867 2719 ingens
1898 2625 2164 2718 anguis3
2219 2626 2417 2719 isque
2439 2627 2553 2711 iis,
2586 2632 2709 2723 qui
2744 2624 2999 2699 viderant
3023 2616 3137 2692 εστὶ·

735 2724 841 2803 ,tis
873 2729 938 2792 &
970 2721 1403 2793 clamantibus
1421 2723 1670 2816 elapsus
1706 2720 1987 2792 inveniri
2028 2743 2162 2789 non
2192 2725 2444 2816 potuit.
2497 2720 2599 2794 idi
2655 2728 2792 2796 sum
2832 2705 3131 2819 P.Scipi⁰²fl

732 2817 1076 2911 :aruspices
1117 2817 1373 2887 retulit.
1426 2817 1487 2886 Ii
1525 2813 1846 2888 sacrificio
1876 2815 2051 2886 saeco
2075 2814 2551 2909 responderunt
2611 2843 2748 2901 ore,
2803 2838 2872 2892 ut
2904 2813 3045 2886 liberi
3068 2831 3137 2901 gl·

727 2934 1125 3007 ⁴gnerentur.
1226 2916 1470 3004 Neque
1503 2913 1744 2983 mulier
1770 2908 2034 2992 diebus,
2082 2907 2510 3006 posteaquam
2550 2914 2670 2985 ille
2699 2914 2913 3009 anguis
2947 2912 2997 2982 in
3020 2902 3131 2977 ledo

741 3009 925 3081 visus
958 3006 1074 3094 est,
1125 3008 1356 3080 multis
1383 3008 1692 3102 concepit
1720 3035 1739 3077 ι
1794 3008 2129 3101 Concepti
2159 3003 2368 3080 foetus
2405 3009 2589 3104 signa
2612 3029 2811 3102 atque
2839 3009 3031 3080 sensum
3059 3023 3127 3105 pq·
3210 3008 3211 3039 ¹

747 3104 941 3186 titur,
991 3104 1232 3175 exinde
1254 3103 1468 3173 mense
1489 3100 1758 3173 decimo
1784 3125 1861 3195 pe
1913 3104 2059 3184 erit,
2115 3104 2432 3198 natusque
2455 3104 2553 3175 est
2580 3102 2691 3177 hic
2713 3114 2782 3178 P.
2805 3103 2990 3197 Scipio
3007 3093 3127 3168 Afn·
3208 3104 3209 3143 ¹

748 3222 974 3279 canus,
1025 3200 1143 3293 qui
1186 3197 1590 3270 Annibalem
1622 3201 1874 3269 &Cart
1923 3200 2254 3294 aginenses
2281 3199 2350 3270 in
2379 3199 2625 3274 Africa
2660 3201 2835 3273 bello
2854 3195 3046 3271 Punico
3069 3190 3124 3260 se·
3206 3202 3207 3245 l

735 3292 971 3362 cundo
1009 3295 1205 3364 vicit.
1286 3298 1550 3395 ²Agell.
1596 3317 1733 3374 vn,
1793 3318 1857 3363 1.
3092 3376 3101 3389 ⁸

855 3385 1071 3459 Iidem
1095 3390 1302 3460 literis
1322 3386 1736 3468 mandarunt,
1779 3389 2157 3484 Scipionem
2200 3389 2607 3464 Africanum
2644 3384 2949 3466 solitaviffi
2976 3381 3118 3454 no&

739 3503 1071 3567 extremo,
1098 3485 1478 3578 priusquam
1514 3482 1936 3565 dilucularet‚
1988 3484 2055 3554 in
2090 3485 2487 3580 capitolium
2519 3490 2860 3568 ventitare,
2892 3504 2947 3551 ac
2965 3476 3116 3565 jubet

729 3578 970 3676 aperiri
994 3580 1225 3651 cellam
1248 3575 1448 3665 jovis,
1495 3599 1697 3671 atque
1722 3580 1820 3649 ibi
1858 3580 2070 3652 solum
2092 3575 2214 3652 diu
2233 3579 2609 3655 demoraris
2659 3580 2835 3678 quafi
2863 3572 3111 3649 consulm-

726 3696 878 3747 ·tem
900 3672 982 3744 de
1011 3700 1078 3745 re
1109 3674 1372 3771 publica
1397 3698 1549 3747 cum
1629 3698 1801 3747 ove:
1853 3674 2317 3770 AEdituosque
2347 3676 2491 3768 ejus
2512 3681 2739 3775 tempii
2772 3681 2911 3770 [πρε
2931 3664 3017 3741 est
3030 3658 3105 3727 de·

721 3773 1032 3853 miratos,
1077 3768 1270 3865 quod
1293 3772 1549 3842 solumi
1624 3773 1945 3864 temporis
1983 3771 2049 3842 in
2073 3773 2494 3866 Capitolium
2533 3772 2956 3870 ingredientem
2980 3772 3098 3829 <²⁰⁶

721 3869 984 3964 semper
1006 3868 1073 3937 in
1097 3866 1260 3939 alios
1284 3865 1644 3949 saevientes,
1694 3889 1912 3960 neque
1932 3867 2243 3939 latrarent·
2265 3890 2421 3940 eum
2439 3893 2654 3964 neque
2678 3872 3024 3942 incurrerent·

797 4068 819 4102 r
856 4056 924 4101 De
957 4059 1058 4104 vira
1078 4055 1202 4119 sun]
1258 4056 1416 4120 capite
1455 4071 1601 4130 autern
1640 4055 1718 4130 §5-
1752 4054 1818 4106 ait
1854 4056 1990 4234 euml
2064 4071 2093 4104 ι
2126 4057 2364 4129 Ageltins]
2391 4058 2595 4123 Julioffi
2628 4050 2709 4108 'tio
2739 4039 3095 4116 tribuits‘iflffl*

730 4117 984 4180 Angustum
1008 4121 1158 4169 vitam
1185 4121 1306 4170 suam
1321 4119 1536 4168 tredecim
1551 4120 1695 4175 libna,
1723 4119 1961 4171 Cantabri·
2003 4118 2269 4172 dameam
2284 4125 2399 4176 hoe,
2429 4120 2551 4184 quod
2607 4122 2787 4187 equitur.

721 4191 782 4227 ω
799 4193 926 4229 tenus
939 4178 1076 4236 beno.
1096 4196 1180 4234 nec
1224 4185 1342 4232 ultr:
1369 4179 1628 4247 exposuisse.

3004 4288 3091 4361 ne
