3419 4849
189 247 198 250 “
259 342 263 344 Δ
371 252 807 353 Com-aa
866 249 1273 337 Lucum
1329 249 1796 337 Sanctum
1855 247 2508 343 Garamam.
2628 285 2782 370 157

371 385 546 455 XV.
592 378 916 455 Vidimus
972 378 1059 452 de
1118 380 1224 476 spe
1262 377 1649 477 perficiendi
1705 376 1937 453 nefarii
1993 380 2354 456 facinoris=
2404 381 2777 458 videndum

266 475 371 550 est
414 473 505 547 de
542 478 700 548 loco
721 529 746 560 ,
796 500 998 572 quam
1034 477 1349 548 latebram
1385 473 1987 549 commodiffimam
2028 484 2096 549 &
2156 476 2541 552 tutissimam
2599 504 2787 577 egre-

263 575 433 670 gius
462 569 715 644 artifex
735 568 1015 681 delegit,
1065 595 1223 645 cum
1254 569 1683 668 contegendae
1722 573 2191 669 conspirationi
2210 574 2363 657 suae,
2411 594 2557 649 tum
2590 579 2784 649 armis

259 668 601 739 omnibus
636 666 780 758 ejus
799 665 1764 764 artificiicomprehendendist
1816 691 1897 739 ne
1947 665 2159 740 forsan
2218 689 2460 742 temere
2498 670 2783 743 domum

251 760 680 835 nobilissimi
729 764 916 844 civis,
968 783 1172 858 atque
1219 762 1693 860 opulentissimi
1739 766 1849 833 M.
1884 762 2484 838 Leccae‘delefiam
2523 766 2649 839 effe
2681 766 2791 856 ju·

245 858 545 930 dicetis.
649 859 938 930 Primum
985 857 1194 930 homo
1224 857 1517 930 delectus
1559 860 1651 929 est
1694 856 2094 946 hujusmodi,
2129 859 2400 933 nefariis
2433 860 2783 958 cupidita.

245 955 459 1026 tibus
495 951 737 1036 affinis,
786 978 926 1049 quo
969 955 1286 1050 participe
1327 957 1574 1049 semper
1609 957 1753 1025 usus
1795 953 2007 1025 suerat
2038 954 2465 1028 consiliorum
2489 960 2781 1042 suorum,

241 1049 581 1138 adjutore
617 1053 1093 1121 teterrimarum
1129 1048 1491 1120 libidinum
1523 1101 1541 1132 ‚
1595 1051 1777 1119 socio
1819 1050 2259 1121 maximorum
2306 1052 2785 1147 periculorum,

242 1147 375 1218 cui
414 1146 719 1239 specstato
746 1144 1129 1239 frequenter
1163 1147 1227 1214 in
1269 1143 1689 1216 difficillimis
1734 1146 1925 1216 rebus
1950 1195 1968 1226 ‚
2022 1146 2333 1216 summam
2392 1146 2780 1237 hujusmodi

233 1237 665 1313 atrocissimi
721 1242 875 1311 mali
911 1260 1060 1312 tuto
1101 1242 1435 1312 committi
1479 1238 1660 1336 polse
1686 1289 1706 1321 ,
1785 1239 2100 1310 facillime
2140 1238 2259 1310 sibi
2324 1244 2787 1335 pollicebatur.

237 1347 593 1411 Praeterea
627 1333 909 1407 domum
968 1333 1083 1405 libi
1118 1333 1532 1430 deligendam
1561 1333 1685 1405 effe
1726 1333 2064 1421 judicabat
2079 1333 2439 1407 solitudine
2474 1338 2782 1410 locorum

237 1432 619 1514 desertam,
671 1439 735 1502 &
771 1433 854 1502 ab
891 1432 1074 1501 omni
1127 1431 1497 1524 frequentia
1536 1445 1554 1476 ⁸
1600 1432 1895 1526 populari
1934 1428 2451 1517 remotissimam,
2477 1458 2627 1527 quae
2649 1435 2776 1504 sci-

239 1531 426 1601 licet
446 1550 663 1599 voces
702 1525 1177 1614 conjurationis
1215 1525 1533 1598 tutillime
1589 1530 1927 1597 continere
1965 1523 2200 1621 posset.
2296 1530 2614 1599 Contulit
2653 1531 2782 1625 igi-

239 1646 369 1698 tur
417 1623 559 1695 sese
608 1620 679 1692 in
725 1624 927 1718 ipsam
967 1625 1072 1693 M.
1121 1629 1349 1693 Leccae
1391 1621 1697 1703 domum,
1745 1640 2061 1712 remotam
2100 1624 2183 1693 ab
2207 1624 2390 1693 omni
2437 1624 2785 1695 celebrita-

245 1742 353 1801 te,
409 1714 854 1812 constipatam
893 1716 1328 1790 multitudine
1380 1718 1888 1800 arbuscularum,
1937 1723 2006 1786 &
2052 1719 2133 1786 ab
2185 1721 2370 1802 omni
2420 1719 2789 1816 suspicione

248 1811 607 1914 prodendi
663 1813 980 1884 facinoris
1020 1838 1153 1884 non
1198 1810 1629 1885 mediocriter
1662 1812 2147 1883 abhorrentem.
2255 1820 2452 1895 Quos
2483 1837 2645 1885 vero
2689 1834 2789 1886 te-

247 1908 572 1982 tenderit
611 1910 708 1980 ibi
748 1906 1231 1997 conjurationis
1278 1910 1574 2001 laqueos,
1628 1927 1740 1978 aut
1773 1930 1931 2000 quas
1970 1927 2225 1977 catenas
2265 1908 2568 1979 scelerum
2614 1934 2782 1979 con-

261 2006 550 2079 flaverit
581 2005 796 2086 nobis,
849 2029 923 2075 ac
966 2003 1399 2075 facultatibus
1427 2001 1686 2083 nostris,
1739 2003 2177 2074 Saturnalium
2237 1999 2381 2074 dies
2424 2001 2785 2099 patefastu·

245 2129 326 2175 ra
370 2099 624 2182 fixerat,
675 2099 796 2169 nili
832 2101 1117 2194 primum
1162 2099 1567 2194 benignitate
1609 2103 1918 2170 Deorum
1962 2098 2475 2181 immortalium,
2542 2095 2787 2169 deinde

237 2196 626 2294 vigilantia
674 2195 1019 2276 consulari,
1069 2193 1330 2266 nefariae
1365 2193 1516 2264 *ficae
1553 2192 1635 2263 de
1675 2194 1978 2264 manibus
2013 2195 2338 2265 latronum
2364 2191 2781 2266 excidiss‘ent.

236 2294 516 2368 Nullas
558 2291 840 2384 amplius
885 2287 1252 2361 tendiculas
1295 2291 1820 2399 pertimescamus
1874 2290 1957 2359 ab
2022 2289 2373 2360 execrabili
2441 2286 2732 2361 monstro
2762 2319 2788 2361 e

230 2391 473 2465 nullas
493 2383 768 2458 insidias
781 2387 862 2457 ab
891 2385 1077 2456 hoste
1100 2403 1466 2468 teterr1m0,
1490 2404 1750 2457 tenetur
1779 2383 1935 2467 fera,
1987 2408 2106 2455 nec
2135 2382 2178 2455 fi
2224 2385 2350 2456 viri
2374 2381 2550 2469 estis,
2570 2382 2787 2458 decli·

227 2508 490 2563 natura
521 2479 627 2553 est
675 2484 887 2553 telum
941 2482 1154 2577 ipsum
1198 2483 1601 2553 sacrosan&ae
1638 2476 1861 2550 vestrae
1896 2480 2293 2551 autoritatis.

335 2584 577 2656 XVI.
632 2582 831 2649 Neve
893 2578 1188 2648 Catilina
1238 2578 1516 2658 nescias,
1590 2572 2120 2668 vigilantislimos
2181 2574 2477 2645 consules
2544 2571 2789 2646 habere

235 2686 524 2773 Remp.
573 2692 645 2745 te
683 2695 1094 2767 quocunque
1132 2672 1409 2754 veneris,
1458 2691 1867 2764 quocunque
1884 2669 2140 2750 abieris,
2189 2666 2535 2764 diligentia
2570 2667 2785 2742 nostra

231 2794 272 2831 ²
309 2770 643 2845 cii-cums
712 2787 859 2839 tum
901 2769 1106 2839 teneri
1149 2795 1168 2837 ε
1220 2764 1387 2861 quid
1406 2783 1432 2829 ³.
1468 2764 1760 2837 hesterna
1782 2767 1977 2835 noete
2014 2764 2472 2836 conciunculis
2495 2765 2630 2836 tuis
2638 2765 2792 2930 agi-

238 2889 481 2943 tatum
515 2864 662 2949 fit‚-
705 2864 843 2933 icet
874 2886 1138 2933 mecum
1165 2864 1602 2955 recognoscas.
1701 2866 1887 2933 Cum
1932 2858 2013 2933 ad
2040 2861 2148 2933 M.
2176 2865 2456 2932 Leccam
2477 2860 2631 2933 veni
2688 2882 2783 2945 es,

240 2986 483 3040 unum
515 2985 620 3031 ‚ex
640 2954 1630 3030 fidelisfimiscommilitonibus
1669 2956 1806 3027 tuis
1853 2953 1934 3028 ad
1975 2956 2251 3028 multam
2291 2957 2559 3026 noctem
2584 3004 2608 3038 ,
2681 2974 2789 3027 te-

151 3078 156 3083 ’
244 3084 406 3155 que
449 3057 529 3127 in
571 3055 988 3136 interiorem,
1035 3077 1161 3125 una
1212 3076 1365 3124 cum
1404 3054 1549 3136 illo,
1601 3052 1898 3122 cubiculi
1939 3070 2187 3147 partem
2224 3049 2591 3146 recepisses,
2642 3071 2792 3123 tan-

262 3174 489 3248 quam
523 3151 597 3220 in
633 3151 975 3222 sacrarium
1012 3147 1440 3219 memorabile
1484 3143 1930 3241 cupiditatum
1966 3145 2345 3227 vestrarum,
2394 3167 2661 3241 repente
2695 3143 2788 3217 de

271 3255 522 3321 Lecca
552 3244 850 3316 sciscitari
893 3241 1201 3339 coepisti,
1250 3267 1414 3314 num
1446 3243 1601 3338 quis
1637 3265 1722 3312 ex
1760 3239 2116 3329 conjuratis
2149 3235 2556 3312 advenisset:
2628 3262 2789 3314 cum

260 3342 526 3418 subito
564 3342 907 3423 Lentulus,
982 3364 1055 3410 ac
1092 3337 1436 3433 Cethegus
1472 3337 1821 3409 teterrima·
1856 3336 2070 3432 capita
2118 3333 2601 3409 maleficiorum
2634 3359 2791 3408 om-

259 3439 515 3519 nium,
567 3431 929 3520 furibundi,
974 3456 1174 3532 atque
1205 3435 1444 3505 alacres
1479 3433 1877 3525 irruperunt,
1923 3454 2218 3526 moxque
2239 3428 2496 3527 ingressi
2519 3430 2791 3506 vocife-

266 3556 431 3608 rare
468 3551 831 3626 coeperunt,
881 3529 1055 3626 quid
1097 3531 1239 3625 agis
1278 3527 1621 3601 Catilina?
1680 3551 1799 3600 cur
1834 3528 1993 3600 volu
2039 3547 2207 3599 tates
2243 3524 2489 3599 nostras
2525 3524 2794 3601 diutius

262 3627 678 3706 remoraris3
727 3624 960 3725 praesto
1013 3628 1158 3699 sunt
1203 3624 1557 3699 Saturnalia
1589 3623 1786 3694 nobis
1815 3621 1965 3693 otio
1998 3647 2073 3706 is,
2090 3630 2290 3715 atque
2311 3622 2787 3695 oscitantibuss

258 3749 488 3825 quem
525 3748 745 3797 unum·
768 3720 960 3796 diem
983 3724 1080 3794 sae
1128 3744 1440 3796 enumero
1490 3740 1859 3814 nuncupare
1883 3717 2121 3788 solitus
2138 3737 2242 3799 es,
2288 3716 2787 3790 eversorem-fii-

261 3816 648 3921 perbiffimi
677 3818 1008 3902 wei-dinis,
1049 3878 1060 3895 ς
1110 3835 1451 3912 ugatorem
1500 3836 1936 3887 aerumnarum
1980 3809 2343 3885 nostrarum
2364 3861 2389 3896 ,
2454 3813 2683 3884 lucan*
2706 3831 2786 3883 ae

262 3918 656 4018 principem
713 3917 1032 3988 universae
1100 3910 1330 3984 nostrae
1385 3909 1784 4008 dignimtis-
1854 3908 2049 3983 Num
2090 3907 2172 3978 in
2226 3903 2549 4005 gerendis·
2575 3926 2793 4003 nego-

269 4036 300 4070 C
