<?xml version="1.0" encoding="UTF-8"?>
<!DOCTYPE html PUBLIC "-//W3C//DTD XHTML 1.0 Transitional//EN"
    "http://www.w3.org/TR/xhtml1/DTD/xhtml1-transitional.dtd">
<html xmlns="http://www.w3.org/1999/xhtml" xml:lang="en" lang="en">
 <head>
  <title>
</title>
<meta http-equiv="Content-Type" content="text/html;charset=utf-8" />
  <meta name='ocr-system' content='tesseract 3.04.00' />
  <meta name='ocr-capabilities' content='ocr_page ocr_carea ocr_par ocr_line ocrx_word'/>
</head>
<body>
  <div class='ocr_page' id='page_1' title='image "./ccrispisallusti05sallgoog_0747.png"; bbox 0 0 3419 4849; ppageno 0'>
   <div class='ocr_carea' id='block_1_1' title="bbox 310 229 2829 464">
    <p class='ocr_par' dir='ltr' id='par_1_1' title="bbox 310 229 2829 464">
     <span class='ocr_line' id='line_1_1' title="bbox 417 229 2821 356; baseline 0.004 -40"><span class='ocrx_word' id='word_1_1' title='bbox 417 229 838 319; x_wconf 68' lang='lat' dir='ltr'>Com-na</span> <span class='ocrx_word' id='word_1_2' title='bbox 900 232 1098 318; x_wconf 82' lang='lat' dir='ltr'>Luc</span> <span class='ocrx_word' id='word_1_3' title='bbox 1124 256 1334 319; x_wconf 76' lang='lat' dir='ltr'>nm</span> <span class='ocrx_word' id='word_1_4' title='bbox 1393 230 1859 322; x_wconf 67' lang='lat' dir='ltr'>suanm</span> <span class='ocrx_word' id='word_1_5' title='bbox 1919 234 2130 323; x_wconf 71' lang='lat' dir='ltr'>Car</span> <span class='ocrx_word' id='word_1_6' title='bbox 2156 263 2191 321; x_wconf 93' lang='lat'>1</span> <span class='ocrx_word' id='word_1_7' title='bbox 2218 260 2272 323; x_wconf 70' lang='lat' dir='ltr'>r,</span> <span class='ocrx_word' id='word_1_8' title='bbox 2299 264 2334 323; x_wconf 89' lang='lat'>1</span> <span class='ocrx_word' id='word_1_9' title='bbox 2361 261 2606 356; x_wconf 66' lang='grc' dir='ltr'><strong>ΝΛΜ.</strong></span> <span class='ocrx_word' id='word_1_10' title='bbox 2674 265 2708 325; x_wconf 78' lang='lat'><strong>1</strong></span> <span class='ocrx_word' id='word_1_11' title='bbox 2734 264 2821 350; x_wconf 83' lang='lat'>53</span> 
     </span>
     <span class='ocr_line' id='line_1_2' title="bbox 310 362 2829 464; baseline 0.001 -24"><span class='ocrx_word' id='word_1_12' title='bbox 310 370 375 440; x_wconf 69' lang='grc' dir='ltr'>δ’</span> <span class='ocrx_word' id='word_1_13' title='bbox 418 371 593 441; x_wconf 83' lang='lat' dir='ltr'>&#39;onis</span> <span class='ocrx_word' id='word_1_14' title='bbox 651 362 1101 464; x_wconf 80' lang='lat' dir='ltr'>magnitudine</span> <span class='ocrx_word' id='word_1_15' title='bbox 1150 368 1320 452; x_wconf 80' lang='lat' dir='ltr'>defla</span> <span class='ocrx_word' id='word_1_16' title='bbox 1373 391 1646 454; x_wconf 74' lang='lat' dir='ltr'>tantem,</span> <span class='ocrx_word' id='word_1_17' title='bbox 1700 393 1930 444; x_wconf 83' lang='lat' dir='ltr'>omnes</span> <span class='ocrx_word' id='word_1_18' title='bbox 1966 372 2325 444; x_wconf 80' lang='lat' dir='ltr'>Senatoriae</span> <span class='ocrx_word' id='word_1_19' title='bbox 2369 373 2702 445; x_wconf 71' lang='lat' dir='ltr'>sententiae</span> <span class='ocrx_word' id='word_1_20' title='bbox 2724 397 2829 443; x_wconf 86' lang='lat' dir='ltr'>re-</span> 
     </span>
    </p>
   </div>
   <div class='ocr_carea' id='block_1_2' title="bbox 267 392 2841 4016">
    <p class='ocr_par' dir='ltr' id='par_1_2' title="bbox 279 392 2830 1593">
     <span class='ocr_line' id='line_1_3' title="bbox 353 392 407 441; baseline 0 0"><span class='ocrx_word' id='word_1_21' title='bbox 353 392 407 441; x_wconf 85' lang='lat' dir='ltr'>rt</span> 
     </span>
     <span class='ocr_line' id='line_1_4' title="bbox 302 395 2825 563; baseline 0.002 -27"><span class='ocrx_word' id='word_1_22' title='bbox 302 395 638 554; x_wconf 50' lang='lat' dir='ltr'>jegerunt.</span> <span class='ocrx_word' id='word_1_23' title='bbox 739 471 852 538; x_wconf 86' lang='lat' dir='ltr'>Eo</span> <span class='ocrx_word' id='word_1_24' title='bbox 897 469 1035 537; x_wconf 90' lang='lat' dir='ltr'>telo</span> <span class='ocrx_word' id='word_1_25' title='bbox 1083 490 1284 562; x_wconf 88' lang='lat' dir='ltr'>percu</span> <span class='ocrx_word' id='word_1_26' title='bbox 1344 491 1415 539; x_wconf 82' lang='lat' dir='ltr'>us</span> <span class='ocrx_word' id='word_1_27' title='bbox 1453 465 1616 537; x_wconf 85' lang='lat' dir='ltr'>adeo</span> <span class='ocrx_word' id='word_1_28' title='bbox 1646 469 1941 540; x_wconf 80' lang='lat' dir='ltr'>Catilina</span> <span class='ocrx_word' id='word_1_29' title='bbox 1988 466 2147 550; x_wconf 84' lang='lat' dir='ltr'>suit,</span> <span class='ocrx_word' id='word_1_30' title='bbox 2200 487 2274 538; x_wconf 90' lang='lat' dir='ltr'>ut</span> <span class='ocrx_word' id='word_1_31' title='bbox 2320 465 2539 563; x_wconf 86' lang='lat' dir='ltr'>postea</span> <span class='ocrx_word' id='word_1_32' title='bbox 2579 471 2825 541; x_wconf 88' lang='lat' dir='ltr'>nullam</span> 
     </span>
     <span class='ocr_line' id='line_1_5' title="bbox 303 559 2827 657; baseline 0.002 -27"><span class='ocrx_word' id='word_1_33' title='bbox 303 563 637 644; x_wconf 87' lang='lat' dir='ltr'>omiserit,</span> <span class='ocrx_word' id='word_1_34' title='bbox 690 585 900 654; x_wconf 88' lang='lat' dir='ltr'>neque</span> <span class='ocrx_word' id='word_1_35' title='bbox 939 559 1388 657; x_wconf 68' lang='lat' dir='ltr'>perturbandae</span> <span class='ocrx_word' id='word_1_36' title='bbox 1423 565 1648 644; x_wconf 70' lang='lat' dir='ltr'>curiae,</span> <span class='ocrx_word' id='word_1_37' title='bbox 1696 588 1916 657; x_wconf 89' lang='lat' dir='ltr'>neque</span> <span class='ocrx_word' id='word_1_38' title='bbox 1947 561 2302 635; x_wconf 67' lang='lat' dir='ltr'>insectandi</span> <span class='ocrx_word' id='word_1_39' title='bbox 2343 567 2608 635; x_wconf 86' lang='lat' dir='ltr'>Senatus</span> <span class='ocrx_word' id='word_1_40' title='bbox 2629 590 2827 636; x_wconf 88' lang='lat' dir='ltr'>occa-</span> 
     </span>
     <span class='ocr_line' id='line_1_6' title="bbox 298 656 2830 755; baseline 0.002 -28"><span class='ocrx_word' id='word_1_41' title='bbox 298 656 585 727; x_wconf 80' lang='lat' dir='ltr'>sionem.</span> <span class='ocrx_word' id='word_1_42' title='bbox 688 657 981 730; x_wconf 86' lang='lat' dir='ltr'>Videbat</span> <span class='ocrx_word' id='word_1_43' title='bbox 1009 682 1295 751; x_wconf 82' lang='lat' dir='ltr'>namque</span> <span class='ocrx_word' id='word_1_44' title='bbox 1339 656 1783 731; x_wconf 82' lang='lat' dir='ltr'>detestandam</span> <span class='ocrx_word' id='word_1_45' title='bbox 1818 657 2251 755; x_wconf 80' lang='lat' dir='ltr'>cupiditatem</span> <span class='ocrx_word' id='word_1_46' title='bbox 2268 661 2442 731; x_wconf 86' lang='lat' dir='ltr'>suam</span> <span class='ocrx_word' id='word_1_47' title='bbox 2467 662 2587 729; x_wconf 93' lang='lat' dir='ltr'>illo</span> <span class='ocrx_word' id='word_1_48' title='bbox 2607 664 2830 754; x_wconf 86' lang='lat' dir='ltr'>super-</span> 
     </span>
     <span class='ocr_line' id='line_1_7' title="bbox 295 752 2812 850; baseline 0.003 -28"><span class='ocrx_word' id='word_1_49' title='bbox 295 752 481 834; x_wconf 80' lang='lat' dir='ltr'>stite,</span> <span class='ocrx_word' id='word_1_50' title='bbox 539 776 873 847; x_wconf 89' lang='lat' dir='ltr'>nunquam</span> <span class='ocrx_word' id='word_1_51' title='bbox 930 756 996 823; x_wconf 93' lang='lat' dir='ltr'>in</span> <span class='ocrx_word' id='word_1_52' title='bbox 1051 769 1206 826; x_wconf 77' lang='lat' dir='ltr'>eum</span> <span class='ocrx_word' id='word_1_53' title='bbox 1252 756 1475 825; x_wconf 88' lang='lat' dir='ltr'>locum</span> <span class='ocrx_word' id='word_1_54' title='bbox 1524 776 1969 850; x_wconf 85' lang='lat' dir='ltr'>perventuram</span> <span class='ocrx_word' id='word_1_55' title='bbox 2018 770 2038 805; x_wconf 86' lang='lat'><em>¹</em></span> <span class='ocrx_word' id='word_1_56' title='bbox 2075 755 2244 837; x_wconf 83' lang='lat' dir='ltr'>fore,</span> <span class='ocrx_word' id='word_1_57' title='bbox 2310 754 2396 824; x_wconf 92' lang='lat' dir='ltr'>de</span> <span class='ocrx_word' id='word_1_58' title='bbox 2445 781 2584 848; x_wconf 92' lang='lat' dir='ltr'>quo</span> <span class='ocrx_word' id='word_1_59' title='bbox 2637 760 2812 829; x_wconf 86' lang='lat' dir='ltr'>illam</span> 
     </span>
     <span class='ocr_line' id='line_1_8' title="bbox 292 847 2824 945; baseline 0.002 -28"><span class='ocrx_word' id='word_1_60' title='bbox 292 847 568 945; x_wconf 80' lang='lat' dir='ltr'>pridem</span> <span class='ocrx_word' id='word_1_61' title='bbox 607 851 915 919; x_wconf 81' lang='lat' dir='ltr'>universae</span> <span class='ocrx_word' id='word_1_62' title='bbox 949 853 1252 921; x_wconf 89' lang='lat' dir='ltr'>omnium</span> <span class='ocrx_word' id='word_1_63' title='bbox 1310 873 1511 921; x_wconf 86' lang='lat' dir='ltr'>voces</span> <span class='ocrx_word' id='word_1_64' title='bbox 1548 850 1944 938; x_wconf 80' lang='lat' dir='ltr'>ejiciendam</span> <span class='ocrx_word' id='word_1_65' title='bbox 1970 851 2096 922; x_wconf 89' lang='lat' dir='ltr'>esse</span> <span class='ocrx_word' id='word_1_66' title='bbox 2125 849 2545 944; x_wconf 75' lang='lat' dir='ltr'>putavissent.</span> <span class='ocrx_word' id='word_1_67' title='bbox 2650 855 2824 923; x_wconf 91' lang='lat' dir='ltr'>Vol-</span> 
     </span>
     <span class='ocr_line' id='line_1_9' title="bbox 295 945 2819 1042; baseline 0.001 -27"><span class='ocrx_word' id='word_1_68' title='bbox 295 945 504 1016; x_wconf 79' lang='lat' dir='ltr'>vebat</span> <span class='ocrx_word' id='word_1_69' title='bbox 563 945 726 1014; x_wconf 92' lang='lat' dir='ltr'>item</span> <span class='ocrx_word' id='word_1_70' title='bbox 768 949 990 1015; x_wconf 86' lang='lat' dir='ltr'>animo</span> <span class='ocrx_word' id='word_1_71' title='bbox 1033 951 1314 1018; x_wconf 81' lang='lat' dir='ltr'>summas</span> <span class='ocrx_word' id='word_1_72' title='bbox 1346 950 1502 1016; x_wconf 81' lang='lat' dir='ltr'>vitae</span> <span class='ocrx_word' id='word_1_73' title='bbox 1538 946 1964 1029; x_wconf 78' lang='lat' dir='ltr'>necessitates,</span> <span class='ocrx_word' id='word_1_74' title='bbox 2015 945 2261 1042; x_wconf 79' lang='lat' dir='ltr'>quibus</span> <span class='ocrx_word' id='word_1_75' title='bbox 2284 970 2520 1018; x_wconf 86' lang='lat' dir='ltr'>exuere</span> <span class='ocrx_word' id='word_1_76' title='bbox 2547 949 2603 1019; x_wconf 78' lang='lat' dir='ltr'>{e</span> <span class='ocrx_word' id='word_1_77' title='bbox 2641 946 2819 1042; x_wconf 85' lang='lat' dir='ltr'>posse</span> 
     </span>
     <span class='ocr_line' id='line_1_10' title="bbox 289 1039 2817 1139; baseline 0.001 -28"><span class='ocrx_word' id='word_1_78' title='bbox 289 1040 767 1120; x_wconf 77' lang='lat' dir='ltr'>arbitrabatur,</span> <span class='ocrx_word' id='word_1_79' title='bbox 817 1039 864 1110; x_wconf 88' lang='lat' dir='ltr'>si</span> <span class='ocrx_word' id='word_1_80' title='bbox 904 1066 1031 1134; x_wconf 84' lang='lat' dir='ltr'>qua</span> <span class='ocrx_word' id='word_1_81' title='bbox 1051 1045 1300 1113; x_wconf 88' lang='lat' dir='ltr'>ratione</span> <span class='ocrx_word' id='word_1_82' title='bbox 1340 1043 1656 1136; x_wconf 76' lang='lat' dir='ltr'>praeclaris</span> <span class='ocrx_word' id='word_1_83' title='bbox 1697 1042 2181 1137; x_wconf 81' lang='lat' dir='ltr'>magistratibus</span> <span class='ocrx_word' id='word_1_84' title='bbox 2225 1043 2585 1139; x_wconf 71' lang='lat' dir='ltr'>aspirasset:</span> <span class='ocrx_word' id='word_1_85' title='bbox 2643 1069 2817 1115; x_wconf 88' lang='lat' dir='ltr'>nunc</span> 
     </span>
     <span class='ocr_line' id='line_1_11' title="bbox 288 1137 2815 1234; baseline 0.002 -28"><span class='ocrx_word' id='word_1_86' title='bbox 288 1137 445 1207; x_wconf 82' lang='lat' dir='ltr'>illas</span> <span class='ocrx_word' id='word_1_87' title='bbox 489 1160 656 1205; x_wconf 88' lang='lat' dir='ltr'>vero</span> <span class='ocrx_word' id='word_1_88' title='bbox 689 1137 895 1229; x_wconf 85' lang='lat' dir='ltr'>magis</span> <span class='ocrx_word' id='word_1_89' title='bbox 927 1162 999 1207; x_wconf 90' lang='lat' dir='ltr'>ac</span> <span class='ocrx_word' id='word_1_90' title='bbox 1043 1139 1252 1231; x_wconf 84' lang='lat' dir='ltr'>magis</span> <span class='ocrx_word' id='word_1_91' title='bbox 1288 1137 1663 1210; x_wconf 85' lang='lat' dir='ltr'>instauratas</span> <span class='ocrx_word' id='word_1_92' title='bbox 1704 1137 2019 1233; x_wconf 87' lang='lat' dir='ltr'>quotidie</span> <span class='ocrx_word' id='word_1_93' title='bbox 2079 1142 2531 1234; x_wconf 81' lang='lat' dir='ltr'>intelligebat,</span> <span class='ocrx_word' id='word_1_94' title='bbox 2608 1165 2815 1233; x_wconf 87' lang='lat' dir='ltr'>quan-</span> 
     </span>
     <span class='ocr_line' id='line_1_12' title="bbox 283 1229 2822 1325; baseline 0.004 -25"><span class='ocrx_word' id='word_1_95' title='bbox 283 1229 686 1325; x_wconf 87' lang='lat' dir='ltr'>doquidem</span> <span class='ocrx_word' id='word_1_96' title='bbox 735 1233 1123 1324; x_wconf 83' lang='lat' dir='ltr'>inspicerent</span> <span class='ocrx_word' id='word_1_97' title='bbox 1153 1258 1381 1304; x_wconf 80' lang='lat' dir='ltr'>omnes</span> <span class='ocrx_word' id='word_1_98' title='bbox 1448 1236 1600 1305; x_wconf 80' lang='lat' dir='ltr'>vitae</span> <span class='ocrx_word' id='word_1_99' title='bbox 1645 1239 1771 1306; x_wconf 79' lang='lat' dir='ltr'>suae</span> <span class='ocrx_word' id='word_1_100' title='bbox 1815 1236 2122 1317; x_wconf 69' lang='lat' dir='ltr'>rationes»,</span> <span class='ocrx_word' id='word_1_101' title='bbox 2175 1259 2246 1305; x_wconf 85' lang='lat' dir='ltr'>ea</span> <span class='ocrx_word' id='word_1_102' title='bbox 2285 1237 2690 1324; x_wconf 86' lang='lat' dir='ltr'>sententiaju</span> <span class='ocrx_word' id='word_1_103' title='bbox 2740 1262 2822 1309; x_wconf 88' lang='lat' dir='ltr'>u-</span> 
     </span>
     <span class='ocr_line' id='line_1_13' title="bbox 279 1326 2820 1423; baseline 0.002 -24"><span class='ocrx_word' id='word_1_104' title='bbox 279 1330 457 1399; x_wconf 85' lang='lat' dir='ltr'>latas</span> <span class='ocrx_word' id='word_1_105' title='bbox 483 1330 744 1423; x_wconf 86' lang='lat' dir='ltr'>prorsus</span> <span class='ocrx_word' id='word_1_106' title='bbox 775 1330 966 1399; x_wconf 83' lang='lat' dir='ltr'>extiti</span> <span class='ocrx_word' id='word_1_107' title='bbox 985 1326 1102 1400; x_wconf 77' lang='lat' dir='ltr'>sse:</span> <span class='ocrx_word' id='word_1_108' title='bbox 1155 1355 1226 1401; x_wconf 84' lang='lat' dir='ltr'>ac</span> <span class='ocrx_word' id='word_1_109' title='bbox 1262 1328 1595 1423; x_wconf 83' lang='lat' dir='ltr'>quicquid</span> <span class='ocrx_word' id='word_1_110' title='bbox 1623 1345 1652 1376; x_wconf 88' lang='lat'>²</span> <span class='ocrx_word' id='word_1_111' title='bbox 1688 1326 2029 1423; x_wconf 82' lang='lat' dir='ltr'>incepisset</span> <span class='ocrx_word' id='word_1_112' title='bbox 2068 1331 2364 1412; x_wconf 75' lang='lat' dir='ltr'>ulteriu5‚</span> <span class='ocrx_word' id='word_1_113' title='bbox 2405 1352 2668 1403; x_wconf 78' lang='lat' dir='ltr'>metue-n</span> <span class='ocrx_word' id='word_1_114' title='bbox 2718 1357 2820 1404; x_wconf 84' lang='lat' dir='ltr'>am</span> 
     </span>
     <span class='ocr_line' id='line_1_14' title="bbox 281 1423 2821 1532; baseline 0.002 -38"><span class='ocrx_word' id='word_1_115' title='bbox 281 1424 419 1495; x_wconf 83' lang='lat' dir='ltr'>esse</span> <span class='ocrx_word' id='word_1_116' title='bbox 466 1426 870 1496; x_wconf 86' lang='lat' dir='ltr'>consularem</span> <span class='ocrx_word' id='word_1_117' title='bbox 920 1426 1246 1520; x_wconf 85' lang='lat' dir='ltr'>vigiliam,</span> <span class='ocrx_word' id='word_1_118' title='bbox 1296 1425 1725 1498; x_wconf 87' lang='lat' dir='ltr'>metuendum</span> <span class='ocrx_word' id='word_1_119' title='bbox 1747 1424 1872 1497; x_wconf 82' lang='lat' dir='ltr'>effe</span> <span class='ocrx_word' id='word_1_120' title='bbox 1886 1423 2224 1516; x_wconf 86' lang='lat' dir='ltr'>judicium</span> <span class='ocrx_word' id='word_1_121' title='bbox 2245 1428 2594 1499; x_wconf 80' lang='lat' dir='ltr'>Senatoriae</span> <span class='ocrx_word' id='word_1_122' title='bbox 2627 1448 2821 1532; x_wconf 76' lang='lat' dir='ltr'>auto-</span> 
     </span>
     <span class='ocr_line' id='line_1_15' title="bbox 287 1540 547 1593; baseline -0.019 0"><span class='ocrx_word' id='word_1_123' title='bbox 287 1540 547 1593; x_wconf 72' lang='lat' dir='ltr'>utatis.</span> 
     </span>
    </p>

    <p class='ocr_par' dir='ltr' id='par_1_3' title="bbox 267 1616 2817 3056">
     <span class='ocr_line' id='line_1_16' title="bbox 393 1616 2815 1713; baseline 0.002 -25"><span class='ocrx_word' id='word_1_124' title='bbox 393 1621 622 1688; x_wconf 85' lang='lat' dir='ltr'>VIII.</span> <span class='ocrx_word' id='word_1_125' title='bbox 676 1618 863 1686; x_wconf 89' lang='lat' dir='ltr'>Hanc</span> <span class='ocrx_word' id='word_1_126' title='bbox 891 1639 1050 1686; x_wconf 88' lang='lat' dir='ltr'>vero</span> <span class='ocrx_word' id='word_1_127' title='bbox 1071 1616 1460 1710; x_wconf 88' lang='lat' dir='ltr'>speciemita</span> <span class='ocrx_word' id='word_1_128' title='bbox 1496 1640 1882 1713; x_wconf 82' lang='lat' dir='ltr'>exanguem,</span> <span class='ocrx_word' id='word_1_129' title='bbox 1935 1619 2025 1689; x_wconf 87' lang='lat' dir='ltr'>ita</span> <span class='ocrx_word' id='word_1_130' title='bbox 2048 1616 2514 1691; x_wconf 86' lang='lat' dir='ltr'>consternatam</span> <span class='ocrx_word' id='word_1_131' title='bbox 2542 1623 2815 1694; x_wconf 86' lang='lat' dir='ltr'>consue-</span> 
     </span>
     <span class='ocr_line' id='line_1_17' title="bbox 294 1710 2814 1820; baseline 0.002 -38"><span class='ocrx_word' id='word_1_132' title='bbox 294 1710 477 1784; x_wconf 85' lang='lat' dir='ltr'>tudo</span> <span class='ocrx_word' id='word_1_133' title='bbox 522 1712 742 1782; x_wconf 83' lang='lat' dir='ltr'>erexit</span> <span class='ocrx_word' id='word_1_134' title='bbox 784 1713 938 1782; x_wconf 83' lang='lat' dir='ltr'>vitae</span> <span class='ocrx_word' id='word_1_135' title='bbox 989 1711 1373 1820; x_wconf 68' lang='lat' dir='ltr'>pravissimae</span> <span class='ocrx_word' id='word_1_136' title='bbox 1412 1710 1491 1784; x_wconf 92' lang='lat' dir='ltr'>ad</span> <span class='ocrx_word' id='word_1_137' title='bbox 1533 1737 1731 1786; x_wconf 86' lang='lat' dir='ltr'>omne</span> <span class='ocrx_word' id='word_1_138' title='bbox 1765 1715 2044 1796; x_wconf 70' lang='lat' dir='ltr'>facinuS,</span> <span class='ocrx_word' id='word_1_139' title='bbox 2095 1740 2312 1809; x_wconf 89' lang='lat' dir='ltr'>neque</span> <span class='ocrx_word' id='word_1_140' title='bbox 2354 1718 2483 1787; x_wconf 89' lang='lat' dir='ltr'>otii</span> <span class='ocrx_word' id='word_1_141' title='bbox 2547 1717 2640 1787; x_wconf 91' lang='lat' dir='ltr'>sui</span> <span class='ocrx_word' id='word_1_142' title='bbox 2699 1740 2814 1811; x_wconf 81' lang='lat' dir='ltr'>pa·</span> 
     </span>
     <span class='ocr_line' id='line_1_18' title="bbox 296 1806 2817 1906; baseline 0.002 -28"><span class='ocrx_word' id='word_1_143' title='bbox 296 1810 504 1889; x_wconf 86' lang='lat' dir='ltr'>tiens,</span> <span class='ocrx_word' id='word_1_144' title='bbox 558 1830 774 1901; x_wconf 88' lang='lat' dir='ltr'>neque</span> <span class='ocrx_word' id='word_1_145' title='bbox 810 1806 1033 1880; x_wconf 82' lang='lat' dir='ltr'>aliem.</span> <span class='ocrx_word' id='word_1_146' title='bbox 1138 1810 1374 1894; x_wconf 82' lang='lat' dir='ltr'>Qualis</span> <span class='ocrx_word' id='word_1_147' title='bbox 1426 1808 1566 1897; x_wconf 82' lang='lat' dir='ltr'>ejus</span> <span class='ocrx_word' id='word_1_148' title='bbox 1601 1811 1738 1881; x_wconf 89' lang='lat' dir='ltr'>vita</span> <span class='ocrx_word' id='word_1_149' title='bbox 1779 1809 2009 1892; x_wconf 82' lang='lat' dir='ltr'>fuerit,</span> <span class='ocrx_word' id='word_1_150' title='bbox 2057 1811 2179 1881; x_wconf 80' lang='lat' dir='ltr'>etfi</span> <span class='ocrx_word' id='word_1_151' title='bbox 2223 1812 2517 1906; x_wconf 78' lang='lat' dir='ltr'>praeclare</span> <span class='ocrx_word' id='word_1_152' title='bbox 2557 1812 2817 1887; x_wconf 90' lang='lat' dir='ltr'>consci-</span> 
     </span>
     <span class='ocr_line' id='line_1_19' title="bbox 297 1901 2811 2001; baseline 0.001 -27"><span class='ocrx_word' id='word_1_153' title='bbox 297 1905 495 1974; x_wconf 75' lang='lat' dir='ltr'>entia</span> <span class='ocrx_word' id='word_1_154' title='bbox 563 1905 831 1997; x_wconf 86' lang='lat' dir='ltr'>publica</span> <span class='ocrx_word' id='word_1_155' title='bbox 868 1923 1183 1985; x_wconf 89' lang='lat' dir='ltr'>teneatur,</span> <span class='ocrx_word' id='word_1_156' title='bbox 1236 1902 1396 1976; x_wconf 90' lang='lat' dir='ltr'>huic</span> <span class='ocrx_word' id='word_1_157' title='bbox 1432 1925 1646 1976; x_wconf 84' lang='lat' dir='ltr'>tamen</span> <span class='ocrx_word' id='word_1_158' title='bbox 1688 1901 2121 1987; x_wconf 69' lang='lat' dir='ltr'>illustrandae,</span> <span class='ocrx_word' id='word_1_159' title='bbox 2172 1910 2278 1978; x_wconf 85' lang='lat' dir='ltr'>seu</span> <span class='ocrx_word' id='word_1_160' title='bbox 2337 1905 2811 2001; x_wconf 62' lang='lat' dir='ltr'>patefaciendae</span> 
     </span>
     <span class='ocr_line' id='line_1_20' title="bbox 310 1995 2814 2095; baseline 0.003 -27"><span class='ocrx_word' id='word_1_161' title='bbox 310 1995 513 2069; x_wconf 77' lang='lat' dir='ltr'>testes</span> <span class='ocrx_word' id='word_1_162' title='bbox 546 1996 899 2071; x_wconf 86' lang='lat' dir='ltr'>indubitati</span> <span class='ocrx_word' id='word_1_163' title='bbox 948 1997 1156 2070; x_wconf 85' lang='lat' dir='ltr'>videri</span> <span class='ocrx_word' id='word_1_164' title='bbox 1196 1998 1460 2095; x_wconf 79' lang='lat' dir='ltr'>possunt</span> <span class='ocrx_word' id='word_1_165' title='bbox 1494 2002 1588 2082; x_wconf 92' lang='lat' dir='ltr'>ii,</span> <span class='ocrx_word' id='word_1_166' title='bbox 1653 2002 1773 2095; x_wconf 90' lang='lat' dir='ltr'>qui</span> <span class='ocrx_word' id='word_1_167' title='bbox 1822 2002 2163 2073; x_wconf 85' lang='lat' dir='ltr'>sacrarium</span> <span class='ocrx_word' id='word_1_168' title='bbox 2210 1999 2384 2072; x_wconf 88' lang='lat' dir='ltr'>illud</span> <span class='ocrx_word' id='word_1_169' title='bbox 2425 2001 2814 2074; x_wconf 80' lang='lat' dir='ltr'>lubidinum</span> 
     </span>
     <span class='ocr_line' id='line_1_21' title="bbox 297 2096 2811 2191; baseline 0.002 -26"><span class='ocrx_word' id='word_1_170' title='bbox 297 2096 525 2165; x_wconf 83' lang='lat' dir='ltr'>colere</span> <span class='ocrx_word' id='word_1_171' title='bbox 549 2115 749 2188; x_wconf 87' lang='lat' dir='ltr'>atque</span> <span class='ocrx_word' id='word_1_172' title='bbox 770 2096 1104 2166; x_wconf 85' lang='lat' dir='ltr'>observare</span> <span class='ocrx_word' id='word_1_173' title='bbox 1136 2098 1635 2168; x_wconf 88' lang='lat' dir='ltr'>consueverunt.</span> <span class='ocrx_word' id='word_1_174' title='bbox 1739 2104 1915 2191; x_wconf 79' lang='lat' dir='ltr'>Qiae</span> <span class='ocrx_word' id='word_1_175' title='bbox 1950 2119 2161 2190; x_wconf 61' lang='lat' dir='ltr'>nugat,</span> <span class='ocrx_word' id='word_1_176' title='bbox 2186 2097 2331 2169; x_wconf 89' lang='lat' dir='ltr'>Dii</span> <span class='ocrx_word' id='word_1_177' title='bbox 2359 2099 2811 2171; x_wconf 74' lang='lat' dir='ltr'>immortales?</span> 
     </span>
     <span class='ocr_line' id='line_1_22' title="bbox 289 2193 2808 2290; baseline 0.002 -28"><span class='ocrx_word' id='word_1_178' title='bbox 289 2215 456 2285; x_wconf 79' lang='lat' dir='ltr'>quae</span> <span class='ocrx_word' id='word_1_179' title='bbox 495 2210 803 2286; x_wconf 89' lang='lat' dir='ltr'>portenta</span> <span class='ocrx_word' id='word_1_180' title='bbox 841 2193 1206 2263; x_wconf 81' lang='lat' dir='ltr'>scelerum?</span> <span class='ocrx_word' id='word_1_181' title='bbox 1256 2194 1374 2287; x_wconf 92' lang='lat' dir='ltr'>qui</span> <span class='ocrx_word' id='word_1_182' title='bbox 1417 2193 1778 2264; x_wconf 87' lang='lat' dir='ltr'>libidinum</span> <span class='ocrx_word' id='word_1_183' title='bbox 1855 2194 2153 2290; x_wconf 62' lang='lat' dir='ltr'>urgues?</span> <span class='ocrx_word' id='word_1_184' title='bbox 2209 2218 2359 2286; x_wconf 82' lang='lat' dir='ltr'>quae</span> <span class='ocrx_word' id='word_1_185' title='bbox 2402 2195 2666 2266; x_wconf 83' lang='lat' dir='ltr'>sentinae</span> <span class='ocrx_word' id='word_1_186' title='bbox 2691 2193 2808 2267; x_wconf 85' lang='lat' dir='ltr'>fla·</span> 
     </span>
     <span class='ocr_line' id='line_1_23' title="bbox 281 2285 2805 2385; baseline 0.002 -29"><span class='ocrx_word' id='word_1_187' title='bbox 281 2287 692 2382; x_wconf 52' lang='lat' dir='ltr'>gitiorumi</span> <span class='ocrx_word' id='word_1_188' title='bbox 746 2291 1002 2359; x_wconf 88' lang='lat' dir='ltr'>Verum</span> <span class='ocrx_word' id='word_1_189' title='bbox 1040 2287 1096 2356; x_wconf 85' lang='lat' dir='ltr'>is</span> <span class='ocrx_word' id='word_1_190' title='bbox 1133 2312 1362 2359; x_wconf 86' lang='lat' dir='ltr'>rumor</span> <span class='ocrx_word' id='word_1_191' title='bbox 1398 2289 1634 2382; x_wconf 87' lang='lat' dir='ltr'>sparsus</span> <span class='ocrx_word' id='word_1_192' title='bbox 1676 2285 1770 2357; x_wconf 90' lang='lat' dir='ltr'>est</span> <span class='ocrx_word' id='word_1_193' title='bbox 1833 2288 2543 2372; x_wconf 80' lang='lat' dir='ltr'>emoribusCatilinae,</span> <span class='ocrx_word' id='word_1_194' title='bbox 2596 2315 2805 2385; x_wconf 83' lang='lat' dir='ltr'>eaque</span> 
     </span>
     <span class='ocr_line' id='line_1_24' title="bbox 274 2381 2811 2549; baseline 0.002 -96"><span class='ocrx_word' id='word_1_195' title='bbox 274 2383 614 2480; x_wconf 80' lang='lat' dir='ltr'>gentium</span> <span class='ocrx_word' id='word_1_196' title='bbox 655 2382 894 2549; x_wconf 49' lang='lat' dir='ltr'>opinio</span> <span class='ocrx_word' id='word_1_197' title='bbox 936 2404 1302 2479; x_wconf 80' lang='lat' dir='ltr'>pervagata,</span> <span class='ocrx_word' id='word_1_198' title='bbox 1349 2403 1668 2476; x_wconf 86' lang='lat' dir='ltr'>quatenus</span> <span class='ocrx_word' id='word_1_199' title='bbox 1703 2381 2076 2457; x_wconf 82' lang='lat' dir='ltr'>existimem</span> <span class='ocrx_word' id='word_1_200' title='bbox 2124 2409 2321 2457; x_wconf 84' lang='lat' dir='ltr'>voces</span> <span class='ocrx_word' id='word_1_201' title='bbox 2372 2387 2536 2483; x_wconf 85' lang='lat' dir='ltr'>ipsas</span> <span class='ocrx_word' id='word_1_202' title='bbox 2586 2389 2811 2485; x_wconf 90' lang='lat' dir='ltr'>publi-</span> 
     </span>
     <span class='ocr_line' id='line_1_25' title="bbox 267 2478 2815 2577; baseline 0.001 -25"><span class='ocrx_word' id='word_1_203' title='bbox 267 2504 440 2562; x_wconf 64' lang='grc' dir='ltr'><strong>(τας,</strong></span> <span class='ocrx_word' id='word_1_204' title='bbox 498 2503 637 2550; x_wconf 89' lang='lat' dir='ltr'>non</span> <span class='ocrx_word' id='word_1_205' title='bbox 748 2480 1051 2550; x_wconf 89' lang='lat' dir='ltr'>ominum</span> <span class='ocrx_word' id='word_1_206' title='bbox 1089 2478 1260 2563; x_wconf 89' lang='lat' dir='ltr'>esse,</span> <span class='ocrx_word' id='word_1_207' title='bbox 1315 2478 1484 2550; x_wconf 83' lang='lat' dir='ltr'>3sed</span> <span class='ocrx_word' id='word_1_208' title='bbox 1545 2481 1793 2552; x_wconf 87' lang='lat' dir='ltr'>oraculi</span> <span class='ocrx_word' id='word_1_209' title='bbox 1846 2482 2071 2577; x_wconf 82' lang='lat' dir='ltr'>potius</span> <span class='ocrx_word' id='word_1_210' title='bbox 2110 2479 2595 2575; x_wconf 55' lang='lat' dir='ltr'>nuncupanda&amp;</span> <span class='ocrx_word' id='word_1_211' title='bbox 2694 2490 2815 2555; x_wconf 85' lang='lat' dir='ltr'>Fa-</span> 
     </span>
     <span class='ocr_line' id='line_1_26' title="bbox 271 2574 2813 2671; baseline 0 -21"><span class='ocrx_word' id='word_1_212' title='bbox 271 2601 476 2650; x_wconf 77' lang='lat' dir='ltr'>ruam</span> <span class='ocrx_word' id='word_1_213' title='bbox 522 2598 689 2646; x_wconf 84' lang='lat' dir='ltr'>vero</span> <span class='ocrx_word' id='word_1_214' title='bbox 731 2576 1110 2671; x_wconf 83' lang='lat' dir='ltr'>popularem</span> <span class='ocrx_word' id='word_1_215' title='bbox 1142 2600 1176 2647; x_wconf 88' lang='lat' dir='ltr'>a</span> <span class='ocrx_word' id='word_1_216' title='bbox 1217 2575 1582 2664; x_wconf 85' lang='lat' dir='ltr'>majoribus</span> <span class='ocrx_word' id='word_1_217' title='bbox 1636 2574 1870 2647; x_wconf 85' lang='lat' dir='ltr'>nostris</span> <span class='ocrx_word' id='word_1_218' title='bbox 1923 2578 2360 2670; x_wconf 80' lang='lat' dir='ltr'>saepenumero</span> <span class='ocrx_word' id='word_1_219' title='bbox 2412 2578 2813 2671; x_wconf 78' lang='lat' dir='ltr'>accepimus,</span> 
     </span>
     <span class='ocr_line' id='line_1_27' title="bbox 271 2668 2809 2768; baseline 0 -23"><span class='ocrx_word' id='word_1_220' title='bbox 271 2696 518 2768; x_wconf 79' lang='lat' dir='ltr'>neque</span> <span class='ocrx_word' id='word_1_221' title='bbox 543 2692 792 2742; x_wconf 88' lang='lat' dir='ltr'>temere</span> <span class='ocrx_word' id='word_1_222' title='bbox 813 2696 1105 2765; x_wconf 90' lang='lat' dir='ltr'>unquam</span> <span class='ocrx_word' id='word_1_223' title='bbox 1127 2674 1516 2744; x_wconf 83' lang='lat' dir='ltr'>nascituram</span> <span class='ocrx_word' id='word_1_224' title='bbox 1538 2668 1688 2753; x_wconf 81' lang='lat' dir='ltr'>esse,</span> <span class='ocrx_word' id='word_1_225' title='bbox 1711 2694 1926 2764; x_wconf 85' lang='lat' dir='ltr'>neque</span> <span class='ocrx_word' id='word_1_226' title='bbox 1944 2690 2186 2743; x_wconf 86' lang='lat' dir='ltr'>temere</span> <span class='ocrx_word' id='word_1_227' title='bbox 2202 2675 2568 2745; x_wconf 86' lang='lat' dir='ltr'>occasuram</span> <span class='ocrx_word' id='word_1_228' title='bbox 2592 2686 2659 2745; x_wconf 80' lang='lat'>:4</span> <span class='ocrx_word' id='word_1_229' title='bbox 2686 2671 2809 2745; x_wconf 84' lang='lat' dir='ltr'>de·</span> 
     </span>
     <span class='ocr_line' id='line_1_28' title="bbox 277 2764 2796 2865; baseline -0.001 -23"><span class='ocrx_word' id='word_1_230' title='bbox 277 2795 412 2842; x_wconf 80' lang='lat' dir='ltr'>cus</span> <span class='ocrx_word' id='word_1_231' title='bbox 452 2766 630 2840; x_wconf 88' lang='lat' dir='ltr'>illud</span> <span class='ocrx_word' id='word_1_232' title='bbox 673 2790 823 2863; x_wconf 85' lang='lat' dir='ltr'>egre</span> <span class='ocrx_word' id='word_1_233' title='bbox 871 2768 1012 2839; x_wconf 90' lang='lat' dir='ltr'>ium</span> <span class='ocrx_word' id='word_1_234' title='bbox 1036 2769 1331 2863; x_wconf 82' lang='lat' dir='ltr'>corporis</span> <span class='ocrx_word' id='word_1_235' title='bbox 1365 2791 1501 2837; x_wconf 91' lang='lat' dir='ltr'>non</span> <span class='ocrx_word' id='word_1_236' title='bbox 1544 2764 1626 2838; x_wconf 88' lang='lat' dir='ltr'>ad</span> <span class='ocrx_word' id='word_1_237' title='bbox 1648 2766 2048 2863; x_wconf 87' lang='lat' dir='ltr'>dignitatem</span> <span class='ocrx_word' id='word_1_238' title='bbox 2079 2768 2394 2851; x_wconf 70' lang='lat' dir='ltr'>nominis»,</span> <span class='ocrx_word' id='word_1_239' title='bbox 2442 2794 2514 2841; x_wconf 88' lang='lat' dir='ltr'>ac</span> <span class='ocrx_word' id='word_1_240' title='bbox 2536 2770 2796 2865; x_wconf 63' lang='lat' dir='ltr'>gloriar,</span> 
     </span>
     <span class='ocr_line' id='line_1_29' title="bbox 285 2861 2810 2962; baseline -0 -26"><span class='ocrx_word' id='word_1_241' title='bbox 285 2865 494 2936; x_wconf 75' lang='lat' dir='ltr'>sicuti</span> <span class='ocrx_word' id='word_1_242' title='bbox 531 2886 644 2962; x_wconf 85' lang='lat' dir='ltr'>par</span> <span class='ocrx_word' id='word_1_243' title='bbox 665 2883 803 2934; x_wconf 89' lang='lat' dir='ltr'>erat</span> <span class='ocrx_word' id='word_1_244' title='bbox 884 2863 1096 2934; x_wconf 90' lang='lat' dir='ltr'>omini</span> <span class='ocrx_word' id='word_1_245' title='bbox 1138 2861 1537 2935; x_wconf 77' lang='lat' dir='ltr'>nobiliflima</span> <span class='ocrx_word' id='word_1_246' title='bbox 1557 2864 1807 2936; x_wconf 88' lang='lat' dir='ltr'>familia</span> <span class='ocrx_word' id='word_1_247' title='bbox 1845 2882 2026 2946; x_wconf 90' lang='lat' dir='ltr'>nato,</span> <span class='ocrx_word' id='word_1_248' title='bbox 2076 2861 2302 2937; x_wconf 86' lang='lat' dir='ltr'>seduti</span> <span class='ocrx_word' id='word_1_249' title='bbox 2324 2867 2494 2938; x_wconf 90' lang='lat' dir='ltr'>latro</span> <span class='ocrx_word' id='word_1_250' title='bbox 2526 2864 2810 2961; x_wconf 76' lang='lat' dir='ltr'>perditi-</span> 
     </span>
     <span class='ocr_line' id='line_1_30' title="bbox 289 2956 2805 3056; baseline -0 -21"><span class='ocrx_word' id='word_1_251' title='bbox 289 2960 526 3035; x_wconf 81' lang='lat' dir='ltr'>ffimus</span> <span class='ocrx_word' id='word_1_252' title='bbox 540 2958 621 3032; x_wconf 88' lang='lat' dir='ltr'>ad</span> <span class='ocrx_word' id='word_1_253' title='bbox 644 2981 845 3030; x_wconf 91' lang='lat' dir='ltr'>omne</span> <span class='ocrx_word' id='word_1_254' title='bbox 866 2982 1072 3053; x_wconf 87' lang='lat' dir='ltr'>genus</span> <span class='ocrx_word' id='word_1_255' title='bbox 1087 2957 1330 3054; x_wconf 87' lang='lat' dir='ltr'>flagitii</span> <span class='ocrx_word' id='word_1_256' title='bbox 1356 2958 1832 3033; x_wconf 88' lang='lat' dir='ltr'>conferendum</span> <span class='ocrx_word' id='word_1_257' title='bbox 1853 2956 2047 3031; x_wconf 81' lang='lat' dir='ltr'>fuisse</span> <span class='ocrx_word' id='word_1_258' title='bbox 2064 2961 2309 3056; x_wconf 86' lang='lat' dir='ltr'>semper</span> <span class='ocrx_word' id='word_1_259' title='bbox 2320 2961 2663 3035; x_wconf 79' lang='lat' dir='ltr'>arbitratus</span> <span class='ocrx_word' id='word_1_260' title='bbox 2683 2958 2805 3034; x_wconf 87' lang='lat' dir='ltr'>est.</span> 
     </span>
    </p>

    <p class='ocr_par' dir='ltr' id='par_1_4' title="bbox 298 3051 2841 3728">
     <span class='ocr_line' id='line_1_31' title="bbox 391 3051 2800 3151; baseline -0.001 -21"><span class='ocrx_word' id='word_1_261' title='bbox 391 3062 525 3130; x_wconf 85' lang='lat' dir='ltr'>IX.</span> <span class='ocrx_word' id='word_1_262' title='bbox 570 3058 775 3128; x_wconf 83' lang='lat' dir='ltr'>Vires</span> <span class='ocrx_word' id='word_1_263' title='bbox 842 3052 925 3125; x_wconf 90' lang='lat' dir='ltr'>ad</span> <span class='ocrx_word' id='word_1_264' title='bbox 985 3051 1316 3151; x_wconf 82' lang='lat' dir='ltr'>stuporem</span> <span class='ocrx_word' id='word_1_265' title='bbox 1382 3054 1737 3128; x_wconf 88' lang='lat' dir='ltr'>hominum</span> <span class='ocrx_word' id='word_1_266' title='bbox 1780 3057 2100 3151; x_wconf 81' lang='lat' dir='ltr'>praeclarae</span> <span class='ocrx_word' id='word_1_267' title='bbox 2126 3105 2150 3138; x_wconf 91' lang='lat'>,</span> <span class='ocrx_word' id='word_1_268' title='bbox 2196 3075 2397 3151; x_wconf 89' lang='lat' dir='ltr'>atque</span> <span class='ocrx_word' id='word_1_269' title='bbox 2448 3056 2800 3139; x_wconf 81' lang='lat' dir='ltr'>inusitatae,</span> 
     </span>
     <span class='ocr_line' id='line_1_32' title="bbox 299 3149 2804 3249; baseline 0.001 -27"><span class='ocrx_word' id='word_1_270' title='bbox 299 3170 617 3245; x_wconf 78' lang='lat' dir='ltr'>perpetua</span> <span class='ocrx_word' id='word_1_271' title='bbox 652 3151 1079 3248; x_wconf 86' lang='lat' dir='ltr'>voluptatum</span> <span class='ocrx_word' id='word_1_272' title='bbox 1118 3152 1611 3246; x_wconf 86' lang='lat' dir='ltr'>intemperantia</span> <span class='ocrx_word' id='word_1_273' title='bbox 1669 3152 1839 3223; x_wconf 66' lang='lat' dir='ltr'>sunt‘</span> <span class='ocrx_word' id='word_1_274' title='bbox 1863 3149 2291 3223; x_wconf 75' lang='lat' dir='ltr'>labefaecatae.</span> <span class='ocrx_word' id='word_1_275' title='bbox 2390 3155 2546 3223; x_wconf 76' lang='lat' dir='ltr'>Flos</span> <span class='ocrx_word' id='word_1_276' title='bbox 2583 3152 2804 3249; x_wconf 80' lang='lat' dir='ltr'>pueri-</span> 
     </span>
     <span class='ocr_line' id='line_1_33' title="bbox 298 3243 2807 3343; baseline 0.002 -28"><span class='ocrx_word' id='word_1_277' title='bbox 298 3247 428 3316; x_wconf 77' lang='lat' dir='ltr'>tiae</span> <span class='ocrx_word' id='word_1_278' title='bbox 465 3243 918 3319; x_wconf 75' lang='lat' dir='ltr'>vennstiffimae</span> <span class='ocrx_word' id='word_1_279' title='bbox 958 3244 1038 3318; x_wconf 87' lang='lat' dir='ltr'>ad</span> <span class='ocrx_word' id='word_1_280' title='bbox 1079 3246 1485 3321; x_wconf 88' lang='lat' dir='ltr'>intuentium</span> <span class='ocrx_word' id='word_1_281' title='bbox 1524 3245 2042 3337; x_wconf 84' lang='lat' dir='ltr'>jucunditatem,</span> <span class='ocrx_word' id='word_1_282' title='bbox 2091 3248 2202 3320; x_wconf 89' lang='lat' dir='ltr'>cui</span> <span class='ocrx_word' id='word_1_283' title='bbox 2240 3246 2662 3321; x_wconf 67' lang='lat' dir='ltr'>nonlibidini</span> <span class='ocrx_word' id='word_1_284' title='bbox 2690 3270 2807 3343; x_wconf 83' lang='lat' dir='ltr'>pa·-</span> 
     </span>
     <span class='ocr_line' id='line_1_34' title="bbox 305 3338 2807 3439; baseline 0.002 -29"><span class='ocrx_word' id='word_1_285' title='bbox 305 3340 458 3411; x_wconf 86' lang='lat' dir='ltr'>tuit</span> <span class='ocrx_word' id='word_1_286' title='bbox 502 3338 827 3435; x_wconf 75' lang='lat' dir='ltr'>flagitiosa:</span> <span class='ocrx_word' id='word_1_287' title='bbox 872 3340 1291 3434; x_wconf 74' lang='lat' dir='ltr'>juventutis?</span> <span class='ocrx_word' id='word_1_288' title='bbox 1338 3363 1451 3416; x_wconf 89' lang='lat' dir='ltr'>aut</span> <span class='ocrx_word' id='word_1_289' title='bbox 1472 3368 1672 3438; x_wconf 89' lang='lat' dir='ltr'>quam</span> <span class='ocrx_word' id='word_1_290' title='bbox 1716 3342 2160 3439; x_wconf 83' lang='lat' dir='ltr'>turpitudinis</span> <span class='ocrx_word' id='word_1_291' title='bbox 2201 3346 2423 3415; x_wconf 77' lang='lat' dir='ltr'>notam</span> <span class='ocrx_word' id='word_1_292' title='bbox 2460 3369 2594 3416; x_wconf 92' lang='lat' dir='ltr'>non</span> <span class='ocrx_word' id='word_1_293' title='bbox 2649 3345 2807 3418; x_wconf 86' lang='lat' dir='ltr'>sub-</span> 
     </span>
     <span class='ocr_line' id='line_1_35' title="bbox 303 3434 2841 3535; baseline 0.002 -27"><span class='ocrx_word' id='word_1_294' title='bbox 303 3434 598 3508; x_wconf 83' lang='lat' dir='ltr'>eundam</span> <span class='ocrx_word' id='word_1_295' title='bbox 641 3438 852 3525; x_wconf 81' lang='lat' dir='ltr'>ultro,</span> <span class='ocrx_word' id='word_1_296' title='bbox 920 3460 1122 3535; x_wconf 88' lang='lat' dir='ltr'>atque</span> <span class='ocrx_word' id='word_1_297' title='bbox 1160 3437 1602 3513; x_wconf 85' lang='lat' dir='ltr'>accersendam</span> <span class='ocrx_word' id='word_1_298' title='bbox 1662 3439 1791 3510; x_wconf 85' lang='lat' dir='ltr'>effe</span> <span class='ocrx_word' id='word_1_299' title='bbox 1840 3440 2222 3535; x_wconf 63' lang='lat' dir='ltr'>cogitavit}</span> <span class='ocrx_word' id='word_1_300' title='bbox 2278 3446 2432 3513; x_wconf 82' lang='lat' dir='ltr'>Lux</span> <span class='ocrx_word' id='word_1_301' title='bbox 2481 3443 2599 3513; x_wconf 82' lang='lat' dir='ltr'>illa</span> <span class='ocrx_word' id='word_1_302' title='bbox 2641 3462 2841 3514; x_wconf 86' lang='lat' dir='ltr'>vero-</span> 
     </span>
     <span class='ocr_line' id='line_1_36' title="bbox 303 3533 2805 3633; baseline 0.002 -28"><span class='ocrx_word' id='word_1_303' title='bbox 303 3533 624 3629; x_wconf 79' lang='lat' dir='ltr'>praeclari,</span> <span class='ocrx_word' id='word_1_304' title='bbox 673 3554 869 3632; x_wconf 92' lang='lat' dir='ltr'>atque</span> <span class='ocrx_word' id='word_1_305' title='bbox 911 3536 1296 3610; x_wconf 79' lang='lat' dir='ltr'>excellentis</span> <span class='ocrx_word' id='word_1_306' title='bbox 1332 3537 1634 3633; x_wconf 79' lang='lat' dir='ltr'>ingenii,</span> <span class='ocrx_word' id='word_1_307' title='bbox 1696 3560 1899 3629; x_wconf 89' lang='lat' dir='ltr'>quam</span> <span class='ocrx_word' id='word_1_308' title='bbox 1940 3561 2168 3609; x_wconf 87' lang='lat' dir='ltr'>omnes</span> <span class='ocrx_word' id='word_1_309' title='bbox 2207 3534 2509 3609; x_wconf 89' lang='lat' dir='ltr'>divinam</span> <span class='ocrx_word' id='word_1_310' title='bbox 2556 3537 2805 3633; x_wconf 88' lang='lat' dir='ltr'>semper</span> 
     </span>
     <span class='ocr_line' id='line_1_37' title="bbox 300 3627 2807 3728; baseline 0 -27"><span class='ocrx_word' id='word_1_311' title='bbox 300 3636 381 3701; x_wconf 72' lang='grc' dir='ltr'>δε</span> <span class='ocrx_word' id='word_1_312' title='bbox 425 3627 522 3702; x_wconf 86' lang='lat' dir='ltr'>fin</span> <span class='ocrx_word' id='word_1_313' title='bbox 617 3632 838 3717; x_wconf 87' lang='lat' dir='ltr'>larem,</span> <span class='ocrx_word' id='word_1_314' title='bbox 860 3652 1062 3727; x_wconf 90' lang='lat' dir='ltr'>atque</span> <span class='ocrx_word' id='word_1_315' title='bbox 1099 3642 1128 3688; x_wconf 82' lang='lat'><em>5</em></span> <span class='ocrx_word' id='word_1_316' title='bbox 1161 3629 1535 3706; x_wconf 84' lang='lat' dir='ltr'>inusitatam</span> <span class='ocrx_word' id='word_1_317' title='bbox 1571 3634 1836 3728; x_wconf 82' lang='lat' dir='ltr'>penitus</span> <span class='ocrx_word' id='word_1_318' title='bbox 1875 3631 1999 3703; x_wconf 85' lang='lat' dir='ltr'>effe</span> <span class='ocrx_word' id='word_1_319' title='bbox 2035 3633 2536 3716; x_wconf 87' lang='lat' dir='ltr'>arbitrabantur,</span> <span class='ocrx_word' id='word_1_320' title='bbox 2587 3655 2807 3703; x_wconf 85' lang='lat' dir='ltr'>nonne</span> 
     </span>
    </p>

    <p class='ocr_par' dir='ltr' id='par_1_5' title="bbox 283 3724 2809 4016">
     <span class='ocr_line' id='line_1_38' title="bbox 283 3724 2809 3827; baseline 0 -28"><span class='ocrx_word' id='word_1_321' title='bbox 283 3726 472 3800; x_wconf 80' lang='lat' dir='ltr'>inter</span> <span class='ocrx_word' id='word_1_322' title='bbox 538 3725 897 3802; x_wconf 77' lang='lat' dir='ltr'>oediffimas</span> <span class='ocrx_word' id='word_1_323' title='bbox 933 3728 1355 3827; x_wconf 84' lang='lat' dir='ltr'>voluptatum</span> <span class='ocrx_word' id='word_1_324' title='bbox 1393 3725 1610 3801; x_wconf 84' lang='lat' dir='ltr'>sordes</span> <span class='ocrx_word' id='word_1_325' title='bbox 1637 3726 1941 3802; x_wconf 64' lang='lat' dir='ltr'>restincta</span> <span class='ocrx_word' id='word_1_326' title='bbox 1956 3726 2090 3799; x_wconf 74' lang='lat' dir='ltr'>est3</span> <span class='ocrx_word' id='word_1_327' title='bbox 2148 3731 2430 3801; x_wconf 89' lang='lat' dir='ltr'>Omitto</span> <span class='ocrx_word' id='word_1_328' title='bbox 2466 3724 2809 3824; x_wconf 81' lang='lat' dir='ltr'>pestishu·</span> 
     </span>
     <span class='ocr_line' id='line_1_39' title="bbox 293 3819 2803 3921; baseline -0 -26"><span class='ocrx_word' id='word_1_329' title='bbox 293 3819 402 3908; x_wconf 65' lang='lat' dir='ltr'>{us</span> <span class='ocrx_word' id='word_1_330' title='bbox 435 3822 908 3921; x_wconf 84' lang='lat' dir='ltr'>impuriffimas</span> <span class='ocrx_word' id='word_1_331' title='bbox 952 3849 1198 3909; x_wconf 78' lang='lat' dir='ltr'>voces,</span> <span class='ocrx_word' id='word_1_332' title='bbox 1242 3825 1607 3898; x_wconf 87' lang='lat' dir='ltr'>mollitiem</span> <span class='ocrx_word' id='word_1_333' title='bbox 1656 3822 2005 3907; x_wconf 86' lang='lat' dir='ltr'>scenicam,</span> <span class='ocrx_word' id='word_1_334' title='bbox 2052 3824 2362 3899; x_wconf 74' lang='lat' dir='ltr'>obtuitus</span> <span class='ocrx_word' id='word_1_335' title='bbox 2388 3827 2487 3895; x_wconf 76' lang='lat' dir='ltr'>im</span> <span class='ocrx_word' id='word_1_336' title='bbox 2533 3821 2803 3908; x_wconf 74' lang='lat' dir='ltr'>indicos,</span> 
     </span>
     <span class='ocr_line' id='line_1_40' title="bbox 297 3917 2803 4016; baseline 0.002 -29"><span class='ocrx_word' id='word_1_337' title='bbox 297 3917 650 3995; x_wconf 72' lang='lat' dir='ltr'>blanditias</span> <span class='ocrx_word' id='word_1_338' title='bbox 681 3921 1068 4007; x_wconf 72' lang='lat' dir='ltr'>muliebm,</span> <span class='ocrx_word' id='word_1_339' title='bbox 1115 3928 1186 3994; x_wconf 77' lang='grc' dir='ltr'>δε</span> <span class='ocrx_word' id='word_1_340' title='bbox 1219 3944 1487 3995; x_wconf 88' lang='lat' dir='ltr'>omnem</span> <span class='ocrx_word' id='word_1_341' title='bbox 1536 3917 1832 4016; x_wconf 88' lang='lat' dir='ltr'>denique</span> <span class='ocrx_word' id='word_1_342' title='bbox 1869 3918 2131 4016; x_wconf 87' lang='lat' dir='ltr'>copiam</span> <span class='ocrx_word' id='word_1_343' title='bbox 2169 3945 2307 3996; x_wconf 80' lang='lat' dir='ltr'>nou</span> <span class='ocrx_word' id='word_1_344' title='bbox 2354 3944 2461 3992; x_wconf 89' lang='lat' dir='ltr'>me</span> <span class='ocrx_word' id='word_1_345' title='bbox 2512 3920 2803 3993; x_wconf 73' lang='lat' dir='ltr'>ioci-itm</span> 
     </span>
    </p>
   </div>
  </div>
 </body>
</html>
