3419 4849
560 348 672 415 ιν
1220 321 2378 462 PRAEFATIO.

543 485 768 597 cujus
807 483 1255 600 plerumque
1290 482 1534 593 fidem
1563 485 1957 598 sequitur,
2013 486 2099 567 in
2135 486 2619 599 acquirentis
2654 470 3050 602 gratiam,

538 600 887 681 nominat
943 596 1300 680 volumen
1350 595 1921 680 'Fabricianum
1944 634 1974 690 ς
2062 602 2446 689 caeteros,
2517 598 2669 707 mfi
2700 622 2841 712 per
2900 605 3047 691 Sa-

535 724 818 817 tyram,
873 734 1025 789 non
1080 725 1470 790 memorat.
1604 706 2069 818 Qinetiam
2122 705 2655 812 correiJiffi'ma
2710 739 3051 827 quaeque

539 843 642 897 ex
677 817 1035 930 impreffis
1068 818 1429 909 contulit,
1470 815 2045 909 Beroaldinum‚
2100 817 2508 912 Aldinum,
2564 820 3055 919 Badianum,

539 918 1224 1040 'Argentoratenfis
1261 930 1391 1011 ubi
1427 925 1870 1012 Orationes
1890 953 1988 1008 ex
2007 926 2229 1028 libris
2249 929 2698 1038 deperditis,
2738 930 2838 1025 ὅγ’
2881 938 3034 1047 Ep.

485 1047 495 1057 ‘
535 1037 631 1119 de
671 1040 887 1147 Rep.
920 1037 1213 1122 Ordin.
1259 1036 1775 1151 Exemplar-ia
1810 1039 2191 1146 Gymnici‚
2227 1038 2670 1149 Bastleense‚
2713 1045 3047 1130 Herva-

522 1154 682 1261 gii,
740 1152 1147 1242 Venetum,
1206 1148 1410 1261 quod
1446 1150 1765 1233 excudit
1804 1148 2195 1248 Pindus,
2253 1149 2758 1258 Pomponius
2813 1158 3047 1265 casti-

438 1356 449 1370 χ
519 1266 793 1373 gavit.
851 1261 1166 1344 Interea
1209 1263 1484 1343 Gram.
1515 1278 1720 1343 vett.
1751 1277 1895 1341 aut
1927 1256 2339 1369 superioris
2373 1265 2559 1342 aevi
2594 1261 3044 1351 Doctorum

534 1377 953 1457 citationes
987 1375 1298 1455 minime
1335 1370 1660 1484 negligit
1684 1410 1711 1466 3
1766 1369 1954 1451 adeo
2012 1389 2103 1451 ut
2141 1369 2662 1484 quodcumque
2708 1374 2893 1458 huic
2926 1379 3045 1462 ad

361 1535 381 1556 ι
524 1481 1142 1595 perfectiffi'mum
1161 1484 1810 1566 Commentarium
1846 1477 2219 1586 defuerit,
2245 1497 2388 1562 aut
2427 1487 2680 1565 aetati
2716 1504 2870 1597 qua
2879 1489 3036 1595 fla-

533 1600 729 1688 ruit,
784 1612 925 1678 aut
961 1593 1281 1677 humani
1320 1597 1613 1704 ingenii
1674 1590 2200 1673 imbecillitati
2258 1590 2592 1700 adscribi
2632 1617 3033 1681 mereatur.

538 1705 825 1788 Verum
843 1757 868 1798 ,
926 1721 1017 1787 ut
1055 1706 1264 1818 quod
1304 1731 1423 1786 res
1461 1705 1565 1814 est
1616 1704 1898 1801 dicam,
1956 1702 2439 1815 Scripturam
2497 1723 2843 1792 veterem
2888 1737 3047 1793 non

534 1817 810 1930 ubique
843 1815 1201 1922 distinete
1218 1816 1434 1923 satis
1467 1818 1813 1926 exponit,
1864 1810 2228 1919 sollemni
2250 1814 2779 1926 Antiquarum
2814 1822 3028 1905 vitio

513 1929 731 2034 satis
786 1927 1075 2010 habens
1134 1925 1443 2035 dixtffe,
1500 1927 1611 2008 ita
1675 1924 1987 2007 vetusti.
2076 1922 2585 2008 -Diitionem
2623 1918 3056 2041 nonstmel

513 2043 962 2150 genuinam,
1002 2055 1159 2121 uta
1182 2038 1586 2120 Cicerone
1602 2033 2022 2141 diversam,
2040 2030 2417 2144 improbat
2440 2076 2469 2131 ς
2530 2041 2926 2134 nonnulla,
2943 2046 3033 2125 in

531 2177 807 2233 vocum
841 2153 1383 2233 terminatione
1446 2151 1821 2256 raecipue,
1861 2162 2095 2227 extra
2115 2145 2439 2229 Codices
2472 2149 2709 2232 audet
2713 2191 2741 2244 ,-
2781 2153 3032 2236 multa
3161 2177 3169 2191 ’
3271 2219 3287 2245 .

514 2262 798 2372 probat
835 2261 1278 2346 adulterina
1494 2261 1681 2342 mali
1728 2255 2030 2349 coloris,
2091 2284 2141 2339 a
2181 2263 2561 2369 corruptis
2599 2262 3043 2348 Auctorum.

527 2400 717 2486 quos
751 2377 957 2456 citat
997 2371 1554 2486 exemplaribus
1591 2371 1974 2483 deceptus.
2072 2366 2348 2453 LeHio
2388 2373 2557 2485 ejus
2594 2389 2681 2455 ut
2718 2377 3037 2476 exacta,

509 2484 624 2591 stc
661 2485 925 2575 exilis,
968 2511 1107 2567 nec
1125 2485 1342 2594 satis
1382 2481 1698 2590 diffusa,
1753 2485 1926 2562 vix.
1958 2480 2427 2565 Latinorum
2445 2502 2755 2595 partem
2795 2491 3033 2570 terti-

522 2622 652 2677 am
687 2589 1239 2709 co'mplettitur,
1296 2595 1757 2677 Graecorum
1796 2591 2015 2673 haud
2045 2616 2474 2703 quenquam
2505 2600 2799 2706 tetigit.
2859 2598 3028 2679 Po-

495 2706 786 2814 stremo
810 2758 834 2799 ,
873 2706 1222 2818 plurima
1253 2709 1337 2787 in
1379 2704 1654 2817 quibus
1684 2703 1860 2811 stat
1910 2702 2403 2814 obtinetque,
2478 2708 2561 2787 in
2599 2706 2749 2788 hac
2785 2724 3030 2789 tanta

521 2816 1033 2901 Litterarum·
1057 2819 1253 2908 luce,
1288 2829 1455 2899 tum
1493 2815 1811 2906 clarius,
1847 2810 2345 2917 tum-firmius
2387 2814 2789 2928 aliquanto
2829 2815 3021 2911 dici,

519 2948 663 3013 aut
697 2932 939 3013 etiam
964 2950 1106 3037 pro
1118 2930 1729 3038 supervacaneis
1766 2921 2034 3005 haberi
2059 2940 2441 3033 poterunt.
2862 2985 2883 3022 5

633 3039 878 3128 Hunc
911 3041 1179 3123 deinde
1193 3037 1348 3144 sex
1377 3063 1748 3122 annorum
1786 3032 2205 3118 intervallo
2238 3040 2539 3146 excepit
2562 3037 2846 3121 Petrus
2872 3037 3014 3121 Ci-

520 3154 928 3252 acconiuS,
953 3150 1233 3233 Toleti
1258 3151 1340 3231 in
1366 3147 1847 3259 Carpetanis
1882 3160 2116 3227 natus
2138 3187 2167 3239 3
2246 3147 2548 3241 doctus,
2588 3173 2792 3240 acer,
2835 3174 3025 3231 acu-

515 3278 650 3343 tus
671 3301 711 3355 ,f
724 3262 879 3367 sed
905 3266 990 3342 in
1012 3258 1391 3359 Moribus,
1427 3286 1659 3372 quam
1693 3258 2072 3347 Sermone,
2117 3252 2211 3346 dy·
2237 3258 2691 3369 Loquentia.
2724 3263 3023 3345 veteris

510 3375 702 3454 aevi
736 3376 988 3483 magis
1025 3371 1408 3474 versatus.
1520 3367 1797 3453 Notae
1832 3366 2029 3474 ejus,
2081 3391 2279 3475 quae
2307 3393 2478 3451 cum
2498 3372 2656 3480 ipso
2677 3374 3027 3456 Auctore

514 3484 913 3566 brevitate
947 3479 1927 3591 contendant,.parcimonii
1949 3474 2400 3583 Sallustiani
2436 3483 2863 3594 exemplum
2899 3482 3041 3590 lu-¹

513 3593 927 3687 culentum,
965 3593 1132 3676 loca
1146 3591 1333 3703 fere
1369 3596 1768 3676 continent
1793 3582 2208 3698 parallelo,
2250 3608 2394 3673 aut
2433 3594 2811 3704 exempla,
2844 3598 3022 3706 qui-

513 3704 651 3788 bus
669 3705 1038 3787 hodierna
1075 3702 1904 3815 Scripturafulciatun
1945 3722 2142 3804 quae
2178 3699 2485 3811 quidem
2521 3703 2655 3787 ille
2690 3729 2942 3786 recens
2962 3730 3030 3785 a.

513 3815 837 3908 Catone,
892 3812 1201 3906 Tacito,
1257 3816 1590 3927 Apulejo
1629 3818 1856 3922 (nam
1908 3806 2247 3894 Graecos
2276 3811 3017 3916 subministraverat

518 3926 977 4037 Vistorius)
1034 3926 1354 4037 apposite
1395 3926 1600 4008 hanc
1657 3928 1744 4006 in
1799 3943 1957 4003 rem
2022 3922 2338 4033 allegat.
2466 3926 2705 4034 „Quod
2727 3927 2815 4031 fi
2844 3924 3021 4007 heic

490 4035 858 4149 stetiffet,
879 4041 963 4118 in
981 4036 1549 4146 suspicionibus
1566 4035 1748 4140 suis
1768 4030 2121 4144 parcior,
2142 4061 2383 4146 neque
2406 4039 2868 4148 conjecturis
2891 4040 3015 4121 in-

513 4145 970 4249 anibus-fine
1008 4174 1211 4258 more
1253 4147 1757 4258 modestiaque
1808 4141 2256 4255 indulfiffet,
2294 4148 2435 4252 etst
2458 4151 2544 4228 in
2568 4149 3021 4254 testimoniis

513 4288 708 4373 quae
727 4257 1047 4344 adducit
1069 4259 1322 4344 multa
1360 4258 1587 4366 instnt
1606 4252 2076 4355 communia,
2098 4261 2331 4352 trita,
2354 4264 2685 4345 inventu
2694 4266 2705 4272 ’
2702 4260 3031 4453 Ῑαῖἱίίαι

2722 4430 2734 4442 .
2847 4393 3035 4487 ΟΠΞ(
